1496 2671
450 127 746 167 AGRICOLAE
773 127 917 166 VITA.
1222 129 1275 165 13

94 251 170 276 suae
198 248 344 287 quoque
378 235 526 284 injuriae
563 235 676 280 ultor,
705 235 837 272 durius
873 235 1110 280 consuleret;
1139 235 1272 272 missus

92 291 293 330 Petronius
312 289 565 338 Turpilianus,
585 294 765 337 tanquam
784 289 1010 326 exorabilior
1029 303 1038 326 :
1067 295 1107 327 et
1125 288 1274 326 delictis

92 345 255 383 hostium
273 355 406 387 novus,
421 354 541 391 eoque
555 342 786 391 poenitentiae
807 343 944 388 mitior,
965 342 1180 392 compositis
1197 342 1273 391 pri·

93 398 228 442 oribus,
248 396 344 433 nihil
370 395 469 433 ultra
495 408 619 440 ausus,
641 395 831 432 Trebellio
847 396 1015 435 Maximo
1042 396 1271 445 provinciam

92 450 264 490 tradidit.
320 449 532 487 Trebellius
551 449 714 498 segnior,
734 455 772 486 et
798 449 913 486 nullis
932 455 1140 487 castrorum
1161 461 1271 498 expe-

89 503 269 550 rimentis,
291 503 467 541 comitate
494 503 655 551 quadam
681 503 837 540 curandi
874 503 1104 552 provinciam
1136 503 1273 540 tenuit.

90 558 270 596 Didicere
282 556 361 606 jam
382 557 532 594 barbari
559 568 707 604 quoque
731 556 928 605 ignoscere
947 557 1047 594 vitiis
1075 556 1272 593 blandien-

87 612 188 649 tibus
205 625 213 649 :
241 617 281 649 et
298 611 534 649 interventus
549 610 713 647 civilium
731 622 922 646 armorum
942 610 1106 659 praebuit
1128 609 1269 659 justam

87 665 258 714 segnitiae
285 664 596 702 exeusationem:
627 663 693 701 sed
721 663 910 700 discordia
928 664 1156 708 laboratum,
1184 676 1268 700 cum

85 719 265 757 adsuetus
283 718 586 768 expeditionibus
598 717 704 754 miles
718 717 796 755 otio
814 717 1017 754 lasciviret.
1049 717 1270 762 Trebellius,

85 772 176 822 fuga
202 785 246 810 ac
281 772 435 810 latebris
462 771 583 809 vitata
618 770 803 808 exercitus
827 771 895 816 ira,
923 770 1123 808 indecorus
1159 775 1273 819 atque

83 826 246 872 humilis,
266 825 434 876 precario
448 837 537 862 mox
563 824 738 874 praefuit:
768 837 812 862 ao
830 824 935 862 velut
953 824 1064 873 pacti,
1085 824 1270 861 exereitus

81 879 286 929 licentiam,
302 879 381 916 dux
400 878 558 916 salutem
575 892 584 916 ε
601 878 680 915 haec
700 877 834 915 seditio
854 878 934 915 sine
953 877 1138 926 sanguine
1152 877 1269 915 stetit.

81 933 163 970 Nec
182 932 336 970 Vettius
356 932 535 978 Bolanus,
551 931 791 969 manentibus
810 931 934 969 adhuc
953 931 1125 968 civilibus
1142 931 1263 976 bellis,

81 986 240 1034 agitavit
269 985 507 1023 Britanniam
544 985 754 1034 disciplina.
829 984 974 1022 Eadem
1001 984 1140 1022 inertia
1176 996 1267 1032 erga

81 1041 217 1085 hostes,
239 1039 367 1076 similis
386 1039 596 1089 petulantia
615 1044 823 1076 castrorum
839 1052 848 1075 ε
876 1038 948 1075 nisi
963 1038 1066 1088 quod
1083 1038 1265 1075 innocens

82 1093 260 1138 Bolanus,
281 1099 319 1131 et
345 1092 459 1130 nullis
487 1092 634 1130 delictis
661 1092 815 1138 invisus,
845 1092 1040 1130 caritatem
1066 1097 1263 1141 paraverat

77 1146 160 1184 loeo
179 1146 426 1185 auctoritatis.

132 1200 260 1238 XVII.
291 1200 365 1237 Sed
385 1200 451 1236 ubi
470 1212 555 1237 cum
574 1204 700 1237 cetero
727 1200 820 1237 orbe
847 1199 1101 1249 Vespasianus
1120 1202 1159 1236 et
1179 1198 1262 1235 Bri-

78 1254 246 1291 tanniam
282 1253 535 1303 reciperavit3
565 1253 694 1301 magni
731 1253 855 1299 duces,
885 1252 1029 1302 egregii
1064 1252 1263 1297 exercitus,

78 1307 224 1344 minuta
249 1307 415 1344 hostium
440 1318 546 1356 spes:
577 1311 615 1344 et
634 1312 817 1344 terrorem
846 1308 973 1344 statim
998 1306 1131 1344 intulit
1160 1306 1260 1343 Peti-

77 1360 149 1397 lius
179 1360 347 1406 Cerialis,
369 1359 595 1408 Brigantum
623 1360 826 1405 civitatem,
848 1372 932 1408 quae
960 1360 1263 1397 numerosissima

77 1414 277 1463 provinciae
296 1413 415 1451 totius
433 1413 664 1463 perhibetur,
678 1414 878 1462 adgressus
895 1427 904 1451 :
932 1413 1053 1450 multa
1067 1413 1207 1462 proelia,
1225 1420 1263 1450 et

76 1468 277 1516 aliquando
295 1479 374 1505 non
401 1467 627 1511 incruenta3
654 1479 897 1515 magnamque
926 1467 1153 1516 Brigantum
1178 1479 1262 1516 par-

75 1528 150 1559 tem
170 1526 237 1559 aut
254 1521 412 1559 victoria
439 1521 643 1570 amplexus,
664 1527 731 1558 aut
749 1521 860 1558 bello.
918 1520 970 1558 Et
988 1533 1073 1558 cum
1103 1521 1259 1558 Cerialis

77 1575 226 1622 quidem
246 1575 399 1613 alterius
427 1574 648 1611 successoris
667 1587 794 1611 curam
822 1574 1035 1623 famamque
1062 1574 1256 1618 obruisset.

76 1628 255 1666 sustinuit
273 1640 421 1678 quoque
448 1628 585 1665 molem
604 1627 731 1665 Julius
759 1627 978 1673 Frontinus,
1000 1628 1057 1664 vir
1083 1640 1255 1676 magnus,

76 1687 258 1731 quantum
275 1682 424 1727 licebat,
438 1681 676 1730 validamque
691 1687 729 1719 et
748 1694 960 1731 pugnacem
977 1681 1141 1718 Silurum
1160 1694 1254 1730 gen-

73 1742 149 1773 tem
186 1735 298 1772 armis
330 1735 504 1784 subegit3
535 1748 646 1784 super
677 1735 857 1774 virtutem
884 1734 1060 1781 hostium,
1090 1735 1254 1772 locorum

75 1801 221 1838 quoque
240 1789 479 1827 difficultates
498 1789 695 1826 eluctatus.

128 1842 278 1879 XVIII.
308 1842 425 1879 Hunc
453 1843 661 1880 Britanniae
689 1847 843 1888 statum,
862 1843 929 1879 has
948 1842 1132 1879 bellorum
1160 1842 1259 1879 vices

77 1896 200 1932 media
212 1895 291 1945 jam
306 1901 435 1934 aestate
448 1901 702 1944 transgressus
722 1896 903 1945 Agricola
920 1896 1078 1941 invenit,
1107 1908 1192 1932 eum
1219 1903 1257 1933 et

75 1948 223 1994 milites,
265 1950 369 1987 velut
410 1950 546 1987 omissa
578 1950 829 1998 expeditione,
860 1950 908 1986 ad
939 1949 1190 1995 securitatem,
1219 1957 1257 1987 et

75 2003 200 2039 hostes
218 2002 266 2039 ad
285 2003 515 2041 occasionem
543 2010 794 2041 verterentur.
851 2001 1084 2041 Ordovicum
1112 2003 1254 2048 civitas,

75 2056 177 2092 haud
204 2055 324 2094 multo
351 2062 439 2094 ante
466 2057 670 2094 adventum
699 2057 790 2105 ejus,
820 2057 928 2102 alam,
948 2057 989 2093 in
1016 2056 1153 2094 finibus
1181 2058 1255 2094 suis

75 2114 254 2157 agentem,
271 2122 387 2159 prope
403 2110 611 2147 universam
625 2111 853 2148 obtriverat:
875 2123 992 2159 eoque
1005 2110 1115 2147 initio
1129 2118 1250 2148 erecta

75 2162 276 2211 provincia,
297 2168 336 2200 et
354 2163 487 2210 quibus
505 2164 645 2201 bellum
664 2165 877 2201 volentibus
896 2169 987 2209 erat,
1008 2164 1170 2213 probare
1190 2177 1254 2201 ex*

73 2216 247 2264 emplum,
261 2221 328 2254 aut
340 2217 501 2254 recentis
512 2217 628 2266 legati
639 2218 804 2255 animum
819 2217 994 2267 opperiri.
1027 2217 1122 2254 Tum
1137 2217 1251 2266 Agri—

72 2270 164 2315 cola,
185 2282 399 2318 quanquam
425 2275 617 2308 transacta
644 2277 764 2317 aestas,
795 2272 912 2320 sparsi
930 2283 997 2320 per
1023 2272 1253 2320 provinciam

70 2323 227 2368 numeri,
247 2329 474 2372 praesumpta
492 2324 593 2373 apud
607 2324 762 2362 militem
776 2325 878 2362 illius
896 2324 985 2362 anni
1005 2325 1122 2373 quies,
1142 2325 1251 2361 tarda

72 2382 109 2414 et
138 2377 325 2414 contraria
350 2377 492 2414 bellum
518 2377 752 2425 inchoaturo,
781 2385 832 2424 et,
851 2379 1040 2429 plerisque
1067 2378 1247 2415 custodiri

643 2443 675 2479 B
