<?xml version="1.0" encoding="UTF-8"?>
<!DOCTYPE html PUBLIC "-//W3C//DTD XHTML 1.0 Transitional//EN"
    "http://www.w3.org/TR/xhtml1/DTD/xhtml1-transitional.dtd">
<html xmlns="http://www.w3.org/1999/xhtml" xml:lang="en" lang="en">
 <head>
  <title>
</title>
<meta http-equiv="Content-Type" content="text/html;charset=utf-8" />
  <meta name='ocr-system' content='tesseract 3.04.00' />
  <meta name='ocr-capabilities' content='ocr_page ocr_carea ocr_par ocr_line ocrx_word'/>
</head>
<body>
  <div class='ocr_page' id='page_1' title='image "./curriculumlatinu01mont_0317.png"; bbox 0 0 1496 2671; ppageno 0'>
   <div class='ocr_carea' id='block_1_1' title="bbox 477 109 1306 149">
    <p class='ocr_par' dir='ltr' id='par_1_1' title="bbox 477 109 1306 149">
     <span class='ocr_line' id='line_1_1' title="bbox 477 109 1306 149; baseline -0.006 -1"><span class='ocrx_word' id='word_1_1' title='bbox 477 109 773 149; x_wconf 73' lang='lat' dir='ltr'><strong>AGRICOLAE</strong></span> <span class='ocrx_word' id='word_1_2' title='bbox 801 109 949 148; x_wconf 82' lang='lat' dir='ltr'><strong>VITA.</strong></span> <span class='ocrx_word' id='word_1_3' title='bbox 1258 112 1306 148; x_wconf 69' lang='lat'>15</span> 
     </span>
    </p>
   </div>
   <div class='ocr_carea' id='block_1_2' title="bbox 125 216 1320 2405">
    <p class='ocr_par' dir='ltr' id='par_1_2' title="bbox 128 216 1310 428">
     <span class='ocr_line' id='line_1_2' title="bbox 128 216 1310 268; baseline -0.003 -11"><span class='ocrx_word' id='word_1_4' title='bbox 128 219 251 268; x_wconf 88' lang='lat' dir='ltr'>pretio</span> <span class='ocrx_word' id='word_1_5' title='bbox 279 217 528 266; x_wconf 78' lang='lat' dir='ltr'>cogebantur:</span> <span class='ocrx_word' id='word_1_6' title='bbox 558 217 728 256; x_wconf 87' lang='lat' dir='ltr'>devortia</span> <span class='ocrx_word' id='word_1_7' title='bbox 762 217 952 264; x_wconf 88' lang='lat' dir='ltr'>itinerum,</span> <span class='ocrx_word' id='word_1_8' title='bbox 991 222 1029 256; x_wconf 89' lang='lat' dir='ltr'>et</span> <span class='ocrx_word' id='word_1_9' title='bbox 1055 216 1310 266; x_wconf 71' lang='lat' dir='ltr'><strong>longinquitas</strong></span> 
     </span>
     <span class='ocr_line' id='line_1_3' title="bbox 131 270 1309 321; baseline -0.001 -13"><span class='ocrx_word' id='word_1_10' title='bbox 131 273 326 321; x_wconf 86' lang='lat' dir='ltr'>regionum</span> <span class='ocrx_word' id='word_1_11' title='bbox 351 271 598 320; x_wconf 77' lang='lat' dir='ltr'>indicebatur,</span> <span class='ocrx_word' id='word_1_12' title='bbox 627 275 671 308; x_wconf 88' lang='lat' dir='ltr'>ut</span> <span class='ocrx_word' id='word_1_13' title='bbox 699 271 868 309; x_wconf 88' lang='lat' dir='ltr'>civitates</span> <span class='ocrx_word' id='word_1_14' title='bbox 888 284 909 308; x_wconf 90' lang='lat' dir='ltr'>a</span> <span class='ocrx_word' id='word_1_15' title='bbox 936 271 1117 320; x_wconf 75' lang='lat' dir='ltr'>proximis</span> <span class='ocrx_word' id='word_1_16' title='bbox 1144 270 1309 308; x_wconf 71' lang='lat' dir='ltr'>hibernis</span> 
     </span>
     <span class='ocr_line' id='line_1_4' title="bbox 129 323 1309 375; baseline -0.001 -14"><span class='ocrx_word' id='word_1_17' title='bbox 129 325 170 362; x_wconf 90' lang='lat' dir='ltr'>in</span> <span class='ocrx_word' id='word_1_18' title='bbox 196 329 339 363; x_wconf 83' lang='lat' dir='ltr'>remota</span> <span class='ocrx_word' id='word_1_19' title='bbox 371 328 409 363; x_wconf 81' lang='lat' dir='ltr'>et</span> <span class='ocrx_word' id='word_1_20' title='bbox 437 325 520 362; x_wconf 89' lang='lat' dir='ltr'>avia</span> <span class='ocrx_word' id='word_1_21' title='bbox 546 323 748 370; x_wconf 85' lang='lat' dir='ltr'>deferrent,</span> <span class='ocrx_word' id='word_1_22' title='bbox 777 325 909 370; x_wconf 84' lang='lat' dir='ltr'>donec,</span> <span class='ocrx_word' id='word_1_23' title='bbox 939 325 1041 375; x_wconf 88' lang='lat' dir='ltr'>quod</span> <span class='ocrx_word' id='word_1_24' title='bbox 1068 324 1241 362; x_wconf 90' lang='lat' dir='ltr'>omnibus</span> <span class='ocrx_word' id='word_1_25' title='bbox 1268 324 1309 361; x_wconf 81' lang='lat' dir='ltr'>iu</span> 
     </span>
     <span class='ocr_line' id='line_1_5' title="bbox 129 378 905 428; baseline 0 -13"><span class='ocrx_word' id='word_1_26' title='bbox 129 382 303 428; x_wconf 90' lang='lat' dir='ltr'>promptu</span> <span class='ocrx_word' id='word_1_27' title='bbox 323 381 414 424; x_wconf 86' lang='lat' dir='ltr'>erat,</span> <span class='ocrx_word' id='word_1_28' title='bbox 433 378 561 427; x_wconf 86' lang='lat' dir='ltr'>paucis</span> <span class='ocrx_word' id='word_1_29' title='bbox 580 378 768 415; x_wconf 88' lang='lat' dir='ltr'>lucrosum</span> <span class='ocrx_word' id='word_1_30' title='bbox 787 378 905 416; x_wconf 85' lang='lat' dir='ltr'>fieret.</span> 
     </span>
    </p>

    <p class='ocr_par' dir='ltr' id='par_1_3' title="bbox 125 430 1313 1111">
     <span class='ocr_line' id='line_1_6' title="bbox 181 430 1309 481; baseline 0 -13"><span class='ocrx_word' id='word_1_31' title='bbox 181 431 269 468; x_wconf 90' lang='grc' dir='ltr'>ΧΧ.</span> <span class='ocrx_word' id='word_1_32' title='bbox 299 430 396 468; x_wconf 66' lang='lat' dir='ltr'>Haec</span> <span class='ocrx_word' id='word_1_33' title='bbox 414 432 533 481; x_wconf 89' lang='lat' dir='ltr'>primo</span> <span class='ocrx_word' id='word_1_34' title='bbox 552 431 680 469; x_wconf 87' lang='lat' dir='ltr'>statim</span> <span class='ocrx_word' id='word_1_35' title='bbox 694 444 792 468; x_wconf 86' lang='lat' dir='ltr'>anno</span> <span class='ocrx_word' id='word_1_36' title='bbox 807 431 1098 480; x_wconf 88' lang='lat' dir='ltr'>comprimendo,</span> <span class='ocrx_word' id='word_1_37' title='bbox 1119 431 1309 480; x_wconf 82' lang='lat' dir='ltr'>egregiam</span> 
     </span>
     <span class='ocr_line' id='line_1_7' title="bbox 126 483 1308 534; baseline -0.001 -13"><span class='ocrx_word' id='word_1_38' title='bbox 126 483 260 522; x_wconf 80' lang='lat' dir='ltr'>famam</span> <span class='ocrx_word' id='word_1_39' title='bbox 278 485 361 534; x_wconf 86' lang='lat' dir='ltr'>paci</span> <span class='ocrx_word' id='word_1_40' title='bbox 380 485 627 523; x_wconf 75' lang='lat' dir='ltr'>circumdedit</span> <span class='ocrx_word' id='word_1_41' title='bbox 643 498 651 522; x_wconf 91' lang='lat'><strong>:</strong></span> <span class='ocrx_word' id='word_1_42' title='bbox 673 496 755 533; x_wconf 77' lang='lat' dir='ltr'>quae</span> <span class='ocrx_word' id='word_1_43' title='bbox 774 485 834 521; x_wconf 92' lang='lat' dir='ltr'>vel</span> <span class='ocrx_word' id='word_1_44' title='bbox 853 485 1006 530; x_wconf 89' lang='lat' dir='ltr'>incuria,</span> <span class='ocrx_word' id='word_1_45' title='bbox 1029 485 1088 522; x_wconf 93' lang='lat' dir='ltr'>vel</span> <span class='ocrx_word' id='word_1_46' title='bbox 1108 484 1308 523; x_wconf 85' lang='lat' dir='ltr'>tolerantia</span> 
     </span>
     <span class='ocr_line' id='line_1_8' title="bbox 126 537 1310 586; baseline -0.001 -12"><span class='ocrx_word' id='word_1_47' title='bbox 126 538 304 586; x_wconf 79' lang='lat' dir='ltr'>priorum,</span> <span class='ocrx_word' id='word_1_48' title='bbox 325 538 428 576; x_wconf 86' lang='lat' dir='ltr'>haud</span> <span class='ocrx_word' id='word_1_49' title='bbox 446 539 569 575; x_wconf 89' lang='lat' dir='ltr'>minus</span> <span class='ocrx_word' id='word_1_50' title='bbox 588 550 698 586; x_wconf 87' lang='lat' dir='ltr'>quam</span> <span class='ocrx_word' id='word_1_51' title='bbox 718 538 857 575; x_wconf 88' lang='lat' dir='ltr'>bellum</span> <span class='ocrx_word' id='word_1_52' title='bbox 875 539 1090 576; x_wconf 78' lang='lat' dir='ltr'>timebatur.</span> <span class='ocrx_word' id='word_1_53' title='bbox 1146 538 1220 576; x_wconf 86' lang='lat' dir='ltr'>Sed</span> <span class='ocrx_word' id='word_1_54' title='bbox 1245 537 1310 574; x_wconf 89' lang='lat' dir='ltr'>ubi</span> 
     </span>
     <span class='ocr_line' id='line_1_9' title="bbox 125 591 1311 640; baseline -0.001 -12"><span class='ocrx_word' id='word_1_55' title='bbox 125 596 235 629; x_wconf 86' lang='lat' dir='ltr'>aestas</span> <span class='ocrx_word' id='word_1_56' title='bbox 255 592 419 638; x_wconf 87' lang='lat' dir='ltr'>advenit,</span> <span class='ocrx_word' id='word_1_57' title='bbox 434 596 628 630; x_wconf 85' lang='lat' dir='ltr'>contracto</span> <span class='ocrx_word' id='word_1_58' title='bbox 643 591 821 637; x_wconf 81' lang='lat' dir='ltr'>exercitu,</span> <span class='ocrx_word' id='word_1_59' title='bbox 838 592 979 629; x_wconf 88' lang='lat' dir='ltr'>multus</span> <span class='ocrx_word' id='word_1_60' title='bbox 998 592 1038 627; x_wconf 91' lang='lat' dir='ltr'>in</span> <span class='ocrx_word' id='word_1_61' title='bbox 1052 592 1212 640; x_wconf 83' lang='lat' dir='ltr'>agmine,</span> <span class='ocrx_word' id='word_1_62' title='bbox 1230 591 1311 628; x_wconf 87' lang='lat' dir='ltr'>lau-</span> 
     </span>
     <span class='ocr_line' id='line_1_10' title="bbox 128 644 1306 694; baseline 0.001 -14"><span class='ocrx_word' id='word_1_63' title='bbox 128 644 218 682; x_wconf 87' lang='lat' dir='ltr'>dare</span> <span class='ocrx_word' id='word_1_64' title='bbox 246 646 478 691; x_wconf 82' lang='lat' dir='ltr'>modestiam,</span> <span class='ocrx_word' id='word_1_65' title='bbox 517 645 694 694; x_wconf 87' lang='lat' dir='ltr'>disjectos</span> <span class='ocrx_word' id='word_1_66' title='bbox 730 657 929 682; x_wconf 90' lang='lat' dir='ltr'>coercere:</span> <span class='ocrx_word' id='word_1_67' title='bbox 960 645 1042 682; x_wconf 90' lang='lat' dir='ltr'>loca</span> <span class='ocrx_word' id='word_1_68' title='bbox 1069 645 1198 683; x_wconf 88' lang='lat' dir='ltr'>castris</span> <span class='ocrx_word' id='word_1_69' title='bbox 1227 644 1306 693; x_wconf 90' lang='lat' dir='ltr'>ipse</span> 
     </span>
     <span class='ocr_line' id='line_1_11' title="bbox 127 698 1309 748; baseline -0.001 -13"><span class='ocrx_word' id='word_1_70' title='bbox 127 710 270 747; x_wconf 85' lang='lat' dir='ltr'>capere,</span> <span class='ocrx_word' id='word_1_71' title='bbox 301 699 474 736; x_wconf 85' lang='lat' dir='ltr'>aestuaria</span> <span class='ocrx_word' id='word_1_72' title='bbox 502 711 544 736; x_wconf 86' lang='lat' dir='ltr'>ac</span> <span class='ocrx_word' id='word_1_73' title='bbox 562 700 672 736; x_wconf 86' lang='lat' dir='ltr'>silvas</span> <span class='ocrx_word' id='word_1_74' title='bbox 690 699 770 748; x_wconf 90' lang='lat' dir='ltr'>ipse</span> <span class='ocrx_word' id='word_1_75' title='bbox 789 703 1016 748; x_wconf 66' lang='lat' dir='ltr'>praetentare</span> <span class='ocrx_word' id='word_1_76' title='bbox 1036 711 1044 735; x_wconf 75' lang='grc' dir='ltr'>ε</span> <span class='ocrx_word' id='word_1_77' title='bbox 1075 703 1112 736; x_wconf 91' lang='lat' dir='ltr'>et</span> <span class='ocrx_word' id='word_1_78' title='bbox 1140 698 1234 734; x_wconf 91' lang='lat' dir='ltr'>nihil</span> <span class='ocrx_word' id='word_1_79' title='bbox 1252 698 1309 734; x_wconf 90' lang='lat' dir='ltr'>in-</span> 
     </span>
     <span class='ocr_line' id='line_1_12' title="bbox 127 752 1310 802; baseline -0.003 -12"><span class='ocrx_word' id='word_1_80' title='bbox 127 752 235 790; x_wconf 82' lang='lat' dir='ltr'>terim</span> <span class='ocrx_word' id='word_1_81' title='bbox 254 752 355 802; x_wconf 89' lang='lat' dir='ltr'>apud</span> <span class='ocrx_word' id='word_1_82' title='bbox 373 752 498 789; x_wconf 88' lang='lat' dir='ltr'>hostes</span> <span class='ocrx_word' id='word_1_83' title='bbox 515 753 683 801; x_wconf 86' lang='lat' dir='ltr'>quietum</span> <span class='ocrx_word' id='word_1_84' title='bbox 701 752 792 801; x_wconf 88' lang='lat' dir='ltr'>pati,</span> <span class='ocrx_word' id='word_1_85' title='bbox 813 752 1012 801; x_wconf 83' lang='lat' dir='ltr'>quominus</span> <span class='ocrx_word' id='word_1_86' title='bbox 1026 752 1158 789; x_wconf 84' lang='lat' dir='ltr'>subitis</span> <span class='ocrx_word' id='word_1_87' title='bbox 1178 763 1310 789; x_wconf 84' lang='lat' dir='ltr'>excur-</span> 
     </span>
     <span class='ocr_line' id='line_1_13' title="bbox 128 804 1310 855; baseline -0.002 -13"><span class='ocrx_word' id='word_1_88' title='bbox 128 805 229 842; x_wconf 89' lang='lat' dir='ltr'>sibus</span> <span class='ocrx_word' id='word_1_89' title='bbox 257 805 529 855; x_wconf 83' lang='lat' dir='ltr'>popularetur:</span> <span class='ocrx_word' id='word_1_90' title='bbox 561 811 673 854; x_wconf 87' lang='lat' dir='ltr'>atque</span> <span class='ocrx_word' id='word_1_91' title='bbox 701 807 766 843; x_wconf 90' lang='lat' dir='ltr'>ubi</span> <span class='ocrx_word' id='word_1_92' title='bbox 785 806 874 843; x_wconf 86' lang='lat' dir='ltr'>satis</span> <span class='ocrx_word' id='word_1_93' title='bbox 894 809 1090 851; x_wconf 86' lang='lat' dir='ltr'>terruerat,</span> <span class='ocrx_word' id='word_1_94' title='bbox 1121 804 1310 854; x_wconf 85' lang='lat' dir='ltr'>parcendo</span> 
     </span>
     <span class='ocr_line' id='line_1_14' title="bbox 126 858 1309 909; baseline -0.002 -14"><span class='ocrx_word' id='word_1_95' title='bbox 126 871 254 896; x_wconf 88' lang='lat' dir='ltr'>rursus</span> <span class='ocrx_word' id='word_1_96' title='bbox 272 859 514 897; x_wconf 84' lang='lat' dir='ltr'>inritamenta</span> <span class='ocrx_word' id='word_1_97' title='bbox 531 861 632 909; x_wconf 80' lang='lat' dir='ltr'>pacis</span> <span class='ocrx_word' id='word_1_98' title='bbox 650 865 853 897; x_wconf 85' lang='lat' dir='ltr'>ostentare.</span> <span class='ocrx_word' id='word_1_99' title='bbox 884 858 1032 903; x_wconf 80' lang='lat' dir='ltr'>Quibus</span> <span class='ocrx_word' id='word_1_100' title='bbox 1050 859 1162 895; x_wconf 89' lang='lat' dir='ltr'>rebus</span> <span class='ocrx_word' id='word_1_101' title='bbox 1180 858 1309 895; x_wconf 57' lang='lat' dir='ltr'>multra</span> 
     </span>
     <span class='ocr_line' id='line_1_15' title="bbox 127 912 1310 962; baseline -0.001 -13"><span class='ocrx_word' id='word_1_102' title='bbox 127 912 308 959; x_wconf 87' lang='lat' dir='ltr'>civitates,</span> <span class='ocrx_word' id='word_1_103' title='bbox 329 925 411 961; x_wconf 78' lang='lat' dir='ltr'>quae</span> <span class='ocrx_word' id='word_1_104' title='bbox 431 914 470 950; x_wconf 91' lang='lat' dir='ltr'>in</span> <span class='ocrx_word' id='word_1_105' title='bbox 490 914 595 950; x_wconf 87' lang='lat' dir='ltr'>illum</span> <span class='ocrx_word' id='word_1_106' title='bbox 614 913 712 950; x_wconf 86' lang='lat' dir='ltr'>diem</span> <span class='ocrx_word' id='word_1_107' title='bbox 733 926 779 950; x_wconf 81' lang='lat' dir='ltr'>ex</span> <span class='ocrx_word' id='word_1_108' title='bbox 794 924 901 962; x_wconf 82' lang='lat' dir='ltr'>aequo</span> <span class='ocrx_word' id='word_1_109' title='bbox 916 916 1082 960; x_wconf 83' lang='lat' dir='ltr'>egerant,</span> <span class='ocrx_word' id='word_1_110' title='bbox 1099 912 1197 949; x_wconf 88' lang='lat' dir='ltr'>datis</span> <span class='ocrx_word' id='word_1_111' title='bbox 1212 912 1310 949; x_wconf 85' lang='lat' dir='ltr'>obsi-</span> 
     </span>
     <span class='ocr_line' id='line_1_16' title="bbox 127 965 1310 1016; baseline 0.001 -14"><span class='ocrx_word' id='word_1_112' title='bbox 127 966 248 1010; x_wconf 81' lang='lat' dir='ltr'>dibus,</span> <span class='ocrx_word' id='word_1_113' title='bbox 268 967 361 1003; x_wconf 89' lang='lat' dir='ltr'>iram</span> <span class='ocrx_word' id='word_1_114' title='bbox 372 979 542 1016; x_wconf 87' lang='lat' dir='ltr'>posuere,</span> <span class='ocrx_word' id='word_1_115' title='bbox 558 972 596 1004; x_wconf 89' lang='lat' dir='ltr'>et</span> <span class='ocrx_word' id='word_1_116' title='bbox 609 967 792 1015; x_wconf 76' lang='lat' dir='ltr'>praesidiis</span> <span class='ocrx_word' id='word_1_117' title='bbox 807 966 1040 1013; x_wconf 81' lang='lat' dir='ltr'>castellisque</span> <span class='ocrx_word' id='word_1_118' title='bbox 1055 965 1310 1003; x_wconf 52' lang='lat' dir='ltr'>circumdatam</span> 
     </span>
     <span class='ocr_line' id='line_1_17' title="bbox 128 1018 1313 1070; baseline -0.002 -13"><span class='ocrx_word' id='word_1_119' title='bbox 128 1025 235 1058; x_wconf 86' lang='lat' dir='ltr'>tanta</span> <span class='ocrx_word' id='word_1_120' title='bbox 253 1021 398 1057; x_wconf 84' lang='lat' dir='ltr'>ratione</span> <span class='ocrx_word' id='word_1_121' title='bbox 412 1033 586 1070; x_wconf 84' lang='lat' dir='ltr'>curaque,</span> <span class='ocrx_word' id='word_1_122' title='bbox 608 1025 650 1058; x_wconf 88' lang='lat' dir='ltr'>ut</span> <span class='ocrx_word' id='word_1_123' title='bbox 666 1020 769 1057; x_wconf 88' lang='lat' dir='ltr'>nulla</span> <span class='ocrx_word' id='word_1_124' title='bbox 788 1025 876 1058; x_wconf 90' lang='lat' dir='ltr'>ante</span> <span class='ocrx_word' id='word_1_125' title='bbox 896 1018 1103 1056; x_wconf 55' lang='lat' dir='ltr'>Britannice</span> <span class='ocrx_word' id='word_1_126' title='bbox 1120 1031 1217 1056; x_wconf 77' lang='lat' dir='ltr'>nova</span> <span class='ocrx_word' id='word_1_127' title='bbox 1228 1031 1313 1068; x_wconf 71' lang='lat' dir='ltr'>pars</span> 
     </span>
     <span class='ocr_line' id='line_1_18' title="bbox 128 1073 563 1111; baseline 0 -2"><span class='ocrx_word' id='word_1_128' title='bbox 128 1073 339 1111; x_wconf 82' lang='lat' dir='ltr'>inlacessita</span> <span class='ocrx_word' id='word_1_129' title='bbox 358 1074 563 1111; x_wconf 85' lang='lat' dir='ltr'>transierit.</span> 
     </span>
    </p>

    <p class='ocr_par' dir='ltr' id='par_1_4' title="bbox 128 1126 1315 1860">
     <span class='ocr_line' id='line_1_19' title="bbox 180 1126 1309 1175; baseline -0.001 -12"><span class='ocrx_word' id='word_1_130' title='bbox 180 1126 287 1164; x_wconf 88' lang='lat' dir='ltr'>XXI.</span> <span class='ocrx_word' id='word_1_131' title='bbox 319 1127 487 1175; x_wconf 86' lang='lat' dir='ltr'>Sequens</span> <span class='ocrx_word' id='word_1_132' title='bbox 506 1127 623 1164; x_wconf 88' lang='lat' dir='ltr'>hiems</span> <span class='ocrx_word' id='word_1_133' title='bbox 642 1126 896 1163; x_wconf 81' lang='lat' dir='ltr'>saluberrimis</span> <span class='ocrx_word' id='word_1_134' title='bbox 925 1126 1088 1163; x_wconf 88' lang='lat' dir='ltr'>consiliis</span> <span class='ocrx_word' id='word_1_135' title='bbox 1108 1126 1280 1163; x_wconf 83' lang='lat' dir='ltr'>absumta</span> <span class='ocrx_word' id='word_1_136' title='bbox 1301 1139 1309 1162; x_wconf 75' lang='grc' dir='ltr'>ε</span> 
     </span>
     <span class='ocr_line' id='line_1_20' title="bbox 128 1179 1310 1229; baseline -0.001 -14"><span class='ocrx_word' id='word_1_137' title='bbox 128 1191 288 1228; x_wconf 86' lang='lat' dir='ltr'>namque</span> <span class='ocrx_word' id='word_1_138' title='bbox 308 1185 351 1217; x_wconf 88' lang='lat' dir='ltr'>ut</span> <span class='ocrx_word' id='word_1_139' title='bbox 379 1180 547 1217; x_wconf 88' lang='lat' dir='ltr'>homines</span> <span class='ocrx_word' id='word_1_140' title='bbox 575 1180 732 1229; x_wconf 79' lang='lat' dir='ltr'>dispcrsi</span> <span class='ocrx_word' id='word_1_141' title='bbox 759 1192 802 1216; x_wconf 89' lang='lat' dir='ltr'>ac</span> <span class='ocrx_word' id='word_1_142' title='bbox 830 1180 954 1225; x_wconf 85' lang='lat' dir='ltr'>rudes,</span> <span class='ocrx_word' id='word_1_143' title='bbox 985 1192 1103 1227; x_wconf 88' lang='lat' dir='ltr'>eoque</span> <span class='ocrx_word' id='word_1_144' title='bbox 1131 1179 1229 1216; x_wconf 90' lang='lat' dir='ltr'>bello</span> <span class='ocrx_word' id='word_1_145' title='bbox 1257 1179 1310 1215; x_wconf 83' lang='lat' dir='ltr'>fa-</span> 
     </span>
     <span class='ocr_line' id='line_1_21' title="bbox 128 1232 1315 1282; baseline -0.002 -13"><span class='ocrx_word' id='word_1_146' title='bbox 128 1232 227 1279; x_wconf 86' lang='lat' dir='ltr'>ciles,</span> <span class='ocrx_word' id='word_1_147' title='bbox 248 1233 364 1280; x_wconf 87' lang='lat' dir='ltr'>quieti</span> <span class='ocrx_word' id='word_1_148' title='bbox 383 1237 421 1269; x_wconf 90' lang='lat' dir='ltr'>et</span> <span class='ocrx_word' id='word_1_149' title='bbox 441 1234 518 1270; x_wconf 91' lang='lat' dir='ltr'>otio</span> <span class='ocrx_word' id='word_1_150' title='bbox 538 1246 604 1282; x_wconf 81' lang='lat' dir='ltr'>per</span> <span class='ocrx_word' id='word_1_151' title='bbox 624 1234 835 1282; x_wconf 87' lang='lat' dir='ltr'>voluptates</span> <span class='ocrx_word' id='word_1_152' title='bbox 868 1233 1142 1279; x_wconf 84' lang='lat' dir='ltr'>adsuescerent,</span> <span class='ocrx_word' id='word_1_153' title='bbox 1171 1232 1315 1270; x_wconf 86' lang='lat' dir='ltr'>hortari</span> 
     </span>
     <span class='ocr_line' id='line_1_22' title="bbox 130 1286 1310 1335; baseline -0.001 -13"><span class='ocrx_word' id='word_1_154' title='bbox 130 1286 318 1335; x_wconf 80' lang='lat' dir='ltr'>privatim,</span> <span class='ocrx_word' id='word_1_155' title='bbox 365 1286 543 1335; x_wconf 85' lang='lat' dir='ltr'>adjuvare</span> <span class='ocrx_word' id='word_1_156' title='bbox 587 1286 747 1335; x_wconf 88' lang='lat' dir='ltr'>publice,</span> <span class='ocrx_word' id='word_1_157' title='bbox 786 1291 829 1323; x_wconf 85' lang='lat' dir='ltr'>ut</span> <span class='ocrx_word' id='word_1_158' title='bbox 865 1287 1016 1335; x_wconf 87' lang='lat' dir='ltr'>templa,</span> <span class='ocrx_word' id='word_1_159' title='bbox 1055 1286 1146 1332; x_wconf 87' lang='lat' dir='ltr'>fora,</span> <span class='ocrx_word' id='word_1_160' title='bbox 1177 1286 1310 1322; x_wconf 85' lang='lat' dir='ltr'>domus</span> 
     </span>
     <span class='ocr_line' id='line_1_23' title="bbox 129 1339 1309 1389; baseline -0.001 -13"><span class='ocrx_word' id='word_1_161' title='bbox 129 1344 377 1386; x_wconf 81' lang='lat' dir='ltr'>exstruerent,</span> <span class='ocrx_word' id='word_1_162' title='bbox 396 1339 586 1376; x_wconf 87' lang='lat' dir='ltr'>laudando</span> <span class='ocrx_word' id='word_1_163' title='bbox 615 1343 817 1389; x_wconf 81' lang='lat' dir='ltr'>promptOS‚</span> <span class='ocrx_word' id='word_1_164' title='bbox 840 1344 878 1377; x_wconf 87' lang='lat' dir='ltr'>ct</span> <span class='ocrx_word' id='word_1_165' title='bbox 906 1340 1126 1387; x_wconf 85' lang='lat' dir='ltr'>castigando</span> <span class='ocrx_word' id='word_1_166' title='bbox 1155 1351 1309 1388; x_wconf 83' lang='lat' dir='ltr'>segnes:</span> 
     </span>
     <span class='ocr_line' id='line_1_24' title="bbox 130 1391 1312 1441; baseline -0.004 -12"><span class='ocrx_word' id='word_1_167' title='bbox 130 1394 184 1430; x_wconf 87' lang='lat' dir='ltr'>ita</span> <span class='ocrx_word' id='word_1_168' title='bbox 219 1393 372 1430; x_wconf 85' lang='lat' dir='ltr'>honoris</span> <span class='ocrx_word' id='word_1_169' title='bbox 405 1393 591 1430; x_wconf 75' lang='lat' dir='ltr'>aemulatio</span> <span class='ocrx_word' id='word_1_170' title='bbox 626 1406 694 1441; x_wconf 87' lang='lat' dir='ltr'>pro</span> <span class='ocrx_word' id='word_1_171' title='bbox 722 1393 944 1430; x_wconf 86' lang='lat' dir='ltr'>necessitate</span> <span class='ocrx_word' id='word_1_172' title='bbox 962 1398 1054 1430; x_wconf 86' lang='lat' dir='ltr'>erat.</span> <span class='ocrx_word' id='word_1_173' title='bbox 1111 1391 1195 1430; x_wconf 89' lang='lat' dir='ltr'>Jam</span> <span class='ocrx_word' id='word_1_174' title='bbox 1223 1405 1312 1429; x_wconf 74' lang='lat' dir='ltr'>vero</span> 
     </span>
     <span class='ocr_line' id='line_1_25' title="bbox 129 1445 1314 1496; baseline -0.002 -12"><span class='ocrx_word' id='word_1_175' title='bbox 129 1447 337 1496; x_wconf 81' lang='lat' dir='ltr'>principum</span> <span class='ocrx_word' id='word_1_176' title='bbox 370 1445 465 1483; x_wconf 91' lang='lat' dir='ltr'>filios</span> <span class='ocrx_word' id='word_1_177' title='bbox 493 1447 707 1483; x_wconf 86' lang='lat' dir='ltr'>liberalibus</span> <span class='ocrx_word' id='word_1_178' title='bbox 735 1446 877 1484; x_wconf 84' lang='lat' dir='ltr'>artibus</span> <span class='ocrx_word' id='word_1_179' title='bbox 906 1447 1066 1492; x_wconf 87' lang='lat' dir='ltr'>erudire,</span> <span class='ocrx_word' id='word_1_180' title='bbox 1097 1451 1135 1484; x_wconf 89' lang='lat' dir='ltr'>et</span> <span class='ocrx_word' id='word_1_181' title='bbox 1160 1446 1314 1494; x_wconf 82' lang='lat' dir='ltr'>ingenia</span> 
     </span>
     <span class='ocr_line' id='line_1_26' title="bbox 132 1499 1313 1549; baseline -0.003 -11"><span class='ocrx_word' id='word_1_182' title='bbox 132 1501 401 1538; x_wconf 84' lang='lat' dir='ltr'>Britannorum</span> <span class='ocrx_word' id='word_1_183' title='bbox 429 1500 564 1537; x_wconf 86' lang='lat' dir='ltr'>studiis</span> <span class='ocrx_word' id='word_1_184' title='bbox 594 1499 791 1536; x_wconf 85' lang='lat' dir='ltr'>Gallorum</span> <span class='ocrx_word' id='word_1_185' title='bbox 819 1499 1015 1545; x_wconf 83' lang='lat' dir='ltr'>anteferre,</span> <span class='ocrx_word' id='word_1_186' title='bbox 1037 1505 1080 1537; x_wconf 86' lang='lat' dir='ltr'>ut</span> <span class='ocrx_word' id='word_1_187' title='bbox 1108 1500 1171 1549; x_wconf 89' lang='lat' dir='ltr'>qui</span> <span class='ocrx_word' id='word_1_188' title='bbox 1200 1499 1313 1535; x_wconf 78' lang='lat' dir='ltr'>modo</span> 
     </span>
     <span class='ocr_line' id='line_1_27' title="bbox 128 1553 1313 1603; baseline -0.002 -12"><span class='ocrx_word' id='word_1_189' title='bbox 128 1555 295 1603; x_wconf 86' lang='lat' dir='ltr'>linguam</span> <span class='ocrx_word' id='word_1_190' title='bbox 334 1554 545 1590; x_wconf 87' lang='lat' dir='ltr'>Romanam</span> <span class='ocrx_word' id='word_1_191' title='bbox 573 1554 801 1598; x_wconf 85' lang='lat' dir='ltr'>abnuebant,</span> <span class='ocrx_word' id='word_1_192' title='bbox 829 1553 1081 1601; x_wconf 86' lang='lat' dir='ltr'>eloquentiam</span> <span class='ocrx_word' id='word_1_193' title='bbox 1118 1553 1313 1602; x_wconf 86' lang='lat' dir='ltr'>concupis-</span> 
     </span>
     <span class='ocr_line' id='line_1_28' title="bbox 129 1606 1312 1655; baseline -0.003 -10"><span class='ocrx_word' id='word_1_194' title='bbox 129 1612 281 1645; x_wconf 89' lang='lat' dir='ltr'>cerent:</span> <span class='ocrx_word' id='word_1_195' title='bbox 311 1607 400 1644; x_wconf 86' lang='lat' dir='ltr'>iude</span> <span class='ocrx_word' id='word_1_196' title='bbox 436 1606 549 1644; x_wconf 89' lang='lat' dir='ltr'>etiam</span> <span class='ocrx_word' id='word_1_197' title='bbox 572 1607 724 1644; x_wconf 89' lang='lat' dir='ltr'>habitus</span> <span class='ocrx_word' id='word_1_198' title='bbox 752 1607 871 1644; x_wconf 87' lang='lat' dir='ltr'>nostri</span> <span class='ocrx_word' id='word_1_199' title='bbox 899 1607 1031 1652; x_wconf 90' lang='lat' dir='ltr'>honor,</span> <span class='ocrx_word' id='word_1_200' title='bbox 1062 1611 1100 1644; x_wconf 85' lang='lat' dir='ltr'>et</span> <span class='ocrx_word' id='word_1_201' title='bbox 1137 1606 1312 1655; x_wconf 67' lang='lat' dir='ltr'>frequens·</span> 
     </span>
     <span class='ocr_line' id='line_1_29' title="bbox 131 1660 1312 1710; baseline -0.003 -10"><span class='ocrx_word' id='word_1_202' title='bbox 131 1667 238 1710; x_wconf 87' lang='lat' dir='ltr'>toga:</span> <span class='ocrx_word' id='word_1_203' title='bbox 267 1660 534 1710; x_wconf 88' lang='lat' dir='ltr'>paullatimque</span> <span class='ocrx_word' id='word_1_204' title='bbox 562 1661 765 1698; x_wconf 83' lang='lat' dir='ltr'>discessum</span> <span class='ocrx_word' id='word_1_205' title='bbox 785 1661 833 1697; x_wconf 89' lang='lat' dir='ltr'>ad</span> <span class='ocrx_word' id='word_1_206' title='bbox 861 1660 1105 1697; x_wconf 87' lang='lat' dir='ltr'>delinimenta</span> <span class='ocrx_word' id='word_1_207' title='bbox 1123 1660 1312 1704; x_wconf 75' lang='lat' dir='ltr'>vitiorum,</span> 
     </span>
     <span class='ocr_line' id='line_1_30' title="bbox 131 1713 1315 1764; baseline -0.003 -12"><span class='ocrx_word' id='word_1_208' title='bbox 131 1716 309 1764; x_wconf 85' lang='lat' dir='ltr'>porticus,</span> <span class='ocrx_word' id='word_1_209' title='bbox 330 1721 367 1751; x_wconf 85' lang='lat' dir='ltr'>et</span> <span class='ocrx_word' id='word_1_210' title='bbox 394 1714 541 1758; x_wconf 89' lang='lat' dir='ltr'>balnea,</span> <span class='ocrx_word' id='word_1_211' title='bbox 570 1719 608 1752; x_wconf 88' lang='lat' dir='ltr'>et</span> <span class='ocrx_word' id='word_1_212' title='bbox 636 1714 894 1751; x_wconf 87' lang='lat' dir='ltr'>conviviorum</span> <span class='ocrx_word' id='word_1_213' title='bbox 914 1713 1169 1762; x_wconf 83' lang='lat' dir='ltr'>elegantiam:</span> <span class='ocrx_word' id='word_1_214' title='bbox 1199 1713 1315 1761; x_wconf 61' lang='lat' dir='ltr'>idque</span> 
     </span>
     <span class='ocr_line' id='line_1_31' title="bbox 130 1767 1314 1818; baseline -0.003 -12"><span class='ocrx_word' id='word_1_215' title='bbox 130 1769 230 1818; x_wconf 89' lang='lat' dir='ltr'>apud</span> <span class='ocrx_word' id='word_1_216' title='bbox 250 1767 441 1816; x_wconf 88' lang='lat' dir='ltr'>imperitos</span> <span class='ocrx_word' id='word_1_217' title='bbox 463 1770 485 1788; x_wconf 88' lang='lat'><strong>“</strong></span> <span class='ocrx_word' id='word_1_218' title='bbox 500 1767 735 1805; x_wconf 85' lang='lat' dir='ltr'>humanitas”</span> <span class='ocrx_word' id='word_1_219' title='bbox 756 1768 970 1813; x_wconf 85' lang='lat' dir='ltr'>vocabatur,</span> <span class='ocrx_word' id='word_1_220' title='bbox 993 1779 1077 1803; x_wconf 90' lang='lat' dir='ltr'>cum</span> <span class='ocrx_word' id='word_1_221' title='bbox 1096 1779 1182 1816; x_wconf 87' lang='lat' dir='ltr'>pars</span> <span class='ocrx_word' id='word_1_222' title='bbox 1200 1767 1314 1803; x_wconf 85' lang='lat' dir='ltr'>servi-</span> 
     </span>
     <span class='ocr_line' id='line_1_32' title="bbox 133 1823 355 1860; baseline -0.014 0"><span class='ocrx_word' id='word_1_223' title='bbox 133 1823 226 1860; x_wconf 90' lang='lat' dir='ltr'>tutis</span> <span class='ocrx_word' id='word_1_224' title='bbox 245 1826 355 1859; x_wconf 82' lang='lat' dir='ltr'>esset.</span> 
     </span>
    </p>

    <p class='ocr_par' dir='ltr' id='par_1_5' title="bbox 131 1873 1320 2405">
     <span class='ocr_line' id='line_1_33' title="bbox 185 1873 1314 1923; baseline -0.002 -11"><span class='ocrx_word' id='word_1_225' title='bbox 185 1875 316 1912; x_wconf 86' lang='lat' dir='ltr'>XXII.</span> <span class='ocrx_word' id='word_1_226' title='bbox 346 1874 498 1912; x_wconf 88' lang='lat' dir='ltr'>Tertius</span> <span class='ocrx_word' id='word_1_227' title='bbox 543 1873 824 1923; x_wconf 79' lang='lat' dir='ltr'>expeditionum</span> <span class='ocrx_word' id='word_1_228' title='bbox 854 1886 974 1911; x_wconf 88' lang='lat' dir='ltr'>annus</span> <span class='ocrx_word' id='word_1_229' title='bbox 1021 1886 1137 1911; x_wconf 88' lang='lat' dir='ltr'>novas</span> <span class='ocrx_word' id='word_1_230' title='bbox 1181 1877 1314 1922; x_wconf 83' lang='lat' dir='ltr'>gentes</span> 
     </span>
     <span class='ocr_line' id='line_1_34' title="bbox 133 1926 1310 1978; baseline -0.003 -12"><span class='ocrx_word' id='word_1_231' title='bbox 133 1929 289 1978; x_wconf 86' lang='lat' dir='ltr'>aperuit,</span> <span class='ocrx_word' id='word_1_232' title='bbox 309 1929 464 1966; x_wconf 87' lang='lat' dir='ltr'>vastatis</span> <span class='ocrx_word' id='word_1_233' title='bbox 490 1940 610 1976; x_wconf 91' lang='lat' dir='ltr'>usque</span> <span class='ocrx_word' id='word_1_234' title='bbox 637 1928 686 1964; x_wconf 90' lang='lat' dir='ltr'>ad</span> <span class='ocrx_word' id='word_1_235' title='bbox 716 1928 837 1964; x_wconf 86' lang='lat' dir='ltr'>Taum</span> <span class='ocrx_word' id='word_1_236' title='bbox 866 1926 1054 1977; x_wconf 79' lang='lat' dir='ltr'>(aestuario</span> <span class='ocrx_word' id='word_1_237' title='bbox 1073 1939 1211 1964; x_wconf 86' lang='lat' dir='ltr'>nomen</span> <span class='ocrx_word' id='word_1_238' title='bbox 1238 1929 1310 1976; x_wconf 83' lang='lat' dir='ltr'>est)</span> 
     </span>
     <span class='ocr_line' id='line_1_35' title="bbox 131 1981 1312 2031; baseline -0.003 -12"><span class='ocrx_word' id='word_1_239' title='bbox 131 1981 367 2020; x_wconf 86' lang='lat' dir='ltr'>nationibus:</span> <span class='ocrx_word' id='word_1_240' title='bbox 397 1994 471 2031; x_wconf 89' lang='lat' dir='ltr'>qua</span> <span class='ocrx_word' id='word_1_241' title='bbox 487 1981 688 2018; x_wconf 85' lang='lat' dir='ltr'>formidine</span> <span class='ocrx_word' id='word_1_242' title='bbox 707 1981 828 2019; x_wconf 87' lang='lat' dir='ltr'>territi</span> <span class='ocrx_word' id='word_1_243' title='bbox 843 1981 980 2026; x_wconf 86' lang='lat' dir='ltr'>hostes,</span> <span class='ocrx_word' id='word_1_244' title='bbox 997 1993 1212 2030; x_wconf 88' lang='lat' dir='ltr'>quanquam</span> <span class='ocrx_word' id='word_1_245' title='bbox 1224 1993 1312 2018; x_wconf 91' lang='lat' dir='ltr'>con-</span> 
     </span>
     <span class='ocr_line' id='line_1_36' title="bbox 134 2034 1311 2084; baseline -0.002 -13"><span class='ocrx_word' id='word_1_246' title='bbox 134 2034 315 2073; x_wconf 85' lang='lat' dir='ltr'>flictatum</span> <span class='ocrx_word' id='word_1_247' title='bbox 333 2036 438 2072; x_wconf 87' lang='lat' dir='ltr'>saevis</span> <span class='ocrx_word' id='word_1_248' title='bbox 464 2035 750 2084; x_wconf 84' lang='lat' dir='ltr'>tempestatibus</span> <span class='ocrx_word' id='word_1_249' title='bbox 778 2034 995 2079; x_wconf 80' lang='lat' dir='ltr'>exercitum,</span> <span class='ocrx_word' id='word_1_250' title='bbox 1026 2034 1207 2072; x_wconf 88' lang='lat' dir='ltr'>lacessere</span> <span class='ocrx_word' id='word_1_251' title='bbox 1234 2045 1311 2070; x_wconf 88' lang='lat' dir='ltr'>non</span> 
     </span>
     <span class='ocr_line' id='line_1_37' title="bbox 132 2086 1314 2137; baseline -0.002 -12"><span class='ocrx_word' id='word_1_252' title='bbox 132 2088 213 2126; x_wconf 89' lang='lat' dir='ltr'>ausi</span> <span class='ocrx_word' id='word_1_253' title='bbox 233 2101 241 2125; x_wconf 92' lang='lat'>:</span> <span class='ocrx_word' id='word_1_254' title='bbox 271 2088 528 2137; x_wconf 87' lang='lat' dir='ltr'>ponendisque</span> <span class='ocrx_word' id='word_1_255' title='bbox 546 2088 697 2137; x_wconf 88' lang='lat' dir='ltr'>insuper</span> <span class='ocrx_word' id='word_1_256' title='bbox 717 2088 876 2125; x_wconf 88' lang='lat' dir='ltr'>castellis</span> <span class='ocrx_word' id='word_1_257' title='bbox 895 2088 1056 2136; x_wconf 86' lang='lat' dir='ltr'>spatium</span> <span class='ocrx_word' id='word_1_258' title='bbox 1074 2087 1160 2125; x_wconf 84' lang='lat' dir='ltr'>fuit.</span> <span class='ocrx_word' id='word_1_259' title='bbox 1230 2086 1314 2123; x_wconf 88' lang='lat' dir='ltr'>Ad-</span> 
     </span>
     <span class='ocr_line' id='line_1_38' title="bbox 132 2141 1313 2190; baseline -0.002 -12"><span class='ocrx_word' id='word_1_260' title='bbox 132 2141 315 2179; x_wconf 86' lang='lat' dir='ltr'>notabant</span> <span class='ocrx_word' id='word_1_261' title='bbox 333 2141 455 2190; x_wconf 89' lang='lat' dir='ltr'>periti,</span> <span class='ocrx_word' id='word_1_262' title='bbox 465 2154 542 2179; x_wconf 90' lang='lat' dir='ltr'>non</span> <span class='ocrx_word' id='word_1_263' title='bbox 556 2142 670 2178; x_wconf 88' lang='lat' dir='ltr'>alium</span> <span class='ocrx_word' id='word_1_264' title='bbox 685 2142 818 2178; x_wconf 88' lang='lat' dir='ltr'>ducem</span> <span class='ocrx_word' id='word_1_265' title='bbox 831 2141 1131 2190; x_wconf 87' lang='lat' dir='ltr'>opportunitates</span> <span class='ocrx_word' id='word_1_266' title='bbox 1145 2141 1313 2178; x_wconf 86' lang='lat' dir='ltr'>locorum</span> 
     </span>
     <span class='ocr_line' id='line_1_39' title="bbox 134 2194 1315 2244; baseline -0.002 -12"><span class='ocrx_word' id='word_1_267' title='bbox 134 2195 337 2244; x_wconf 86' lang='lat' dir='ltr'>sapientius</span> <span class='ocrx_word' id='word_1_268' title='bbox 355 2194 514 2243; x_wconf 86' lang='lat' dir='ltr'>legisse:</span> <span class='ocrx_word' id='word_1_269' title='bbox 543 2195 689 2232; x_wconf 89' lang='lat' dir='ltr'>nullum</span> <span class='ocrx_word' id='word_1_270' title='bbox 716 2195 764 2232; x_wconf 87' lang='lat' dir='ltr'>ab</span> <span class='ocrx_word' id='word_1_271' title='bbox 784 2194 965 2243; x_wconf 88' lang='lat' dir='ltr'>Agricola</span> <span class='ocrx_word' id='word_1_272' title='bbox 991 2195 1153 2243; x_wconf 79' lang='lat' dir='ltr'>positum</span> <span class='ocrx_word' id='word_1_273' title='bbox 1182 2194 1315 2232; x_wconf 86' lang='lat' dir='ltr'>castel-</span> 
     </span>
     <span class='ocr_line' id='line_1_40' title="bbox 133 2247 1314 2297; baseline -0.003 -12"><span class='ocrx_word' id='word_1_274' title='bbox 133 2248 224 2293; x_wconf 94' lang='lat' dir='ltr'>lum,</span> <span class='ocrx_word' id='word_1_275' title='bbox 240 2255 306 2286; x_wconf 89' lang='lat' dir='ltr'>aut</span> <span class='ocrx_word' id='word_1_276' title='bbox 333 2248 371 2284; x_wconf 91' lang='lat' dir='ltr'>vi</span> <span class='ocrx_word' id='word_1_277' title='bbox 389 2248 553 2285; x_wconf 89' lang='lat' dir='ltr'>hostium</span> <span class='ocrx_word' id='word_1_278' title='bbox 579 2253 850 2297; x_wconf 85' lang='lat' dir='ltr'>expugnatum,</span> <span class='ocrx_word' id='word_1_279' title='bbox 878 2252 942 2286; x_wconf 87' lang='lat' dir='ltr'>aut</span> <span class='ocrx_word' id='word_1_280' title='bbox 962 2248 1135 2297; x_wconf 88' lang='lat' dir='ltr'>pactione</span> <span class='ocrx_word' id='word_1_281' title='bbox 1163 2260 1205 2284; x_wconf 88' lang='lat' dir='ltr'>ac</span> <span class='ocrx_word' id='word_1_282' title='bbox 1224 2247 1314 2294; x_wconf 82' lang='lat' dir='ltr'>suga</span> 
     </span>
     <span class='ocr_line' id='line_1_41' title="bbox 134 2301 1316 2351; baseline -0.002 -13"><span class='ocrx_word' id='word_1_283' title='bbox 134 2301 337 2338; x_wconf 87' lang='lat' dir='ltr'>desertum.</span> <span class='ocrx_word' id='word_1_284' title='bbox 394 2301 544 2338; x_wconf 82' lang='lat' dir='ltr'>Crebrae</span> <span class='ocrx_word' id='word_1_285' title='bbox 560 2302 774 2351; x_wconf 88' lang='lat' dir='ltr'>eruptiones</span> <span class='ocrx_word' id='word_1_286' title='bbox 790 2315 798 2339; x_wconf 90' lang='lat'>:</span> <span class='ocrx_word' id='word_1_287' title='bbox 820 2314 907 2338; x_wconf 88' lang='lat' dir='ltr'>nam</span> <span class='ocrx_word' id='word_1_288' title='bbox 924 2302 1102 2339; x_wconf 86' lang='lat' dir='ltr'>adversus</span> <span class='ocrx_word' id='word_1_289' title='bbox 1116 2313 1236 2337; x_wconf 89' lang='lat' dir='ltr'>moras</span> <span class='ocrx_word' id='word_1_290' title='bbox 1250 2301 1316 2337; x_wconf 90' lang='lat' dir='ltr'>ob-</span> 
     </span>
     <span class='ocr_line' id='line_1_42' title="bbox 133 2353 1320 2405; baseline -0.003 -13"><span class='ocrx_word' id='word_1_291' title='bbox 133 2354 287 2392; x_wconf 83' lang='lat' dir='ltr'>sidionis</span> <span class='ocrx_word' id='word_1_292' title='bbox 323 2355 456 2392; x_wconf 87' lang='lat' dir='ltr'>annuis</span> <span class='ocrx_word' id='word_1_293' title='bbox 492 2354 607 2405; x_wconf 90' lang='lat' dir='ltr'>copiis</span> <span class='ocrx_word' id='word_1_294' title='bbox 644 2354 889 2394; x_wconf 85' lang='lat' dir='ltr'>firmabantur</span> <span class='ocrx_word' id='word_1_295' title='bbox 908 2368 916 2393; x_wconf 91' lang='lat'><strong>:</strong></span> <span class='ocrx_word' id='word_1_296' title='bbox 955 2355 1009 2394; x_wconf 83' lang='lat' dir='ltr'>ita</span> <span class='ocrx_word' id='word_1_297' title='bbox 1044 2353 1233 2404; x_wconf 85' lang='lat' dir='ltr'>intrepida</span> <span class='ocrx_word' id='word_1_298' title='bbox 1268 2353 1320 2389; x_wconf 88' lang='lat' dir='ltr'>ibi</span> 
     </span>
    </p>
   </div>
  </div>
 </body>
</html>
