1496 2671
425 116 523 145 cuo
541 117 671 145 Maron
689 117 740 144 οε
759 118 994 147 sannorum.
1247 111 1296 148 15

135 225 206 258 am,
227 212 392 263 paullum
419 218 531 253 aetate
558 214 742 262 progressi
769 215 1056 255 adolescentiam
1086 217 1224 256 debent
1253 231 1309 255 re·

135 267 294 315 quircre.
351 266 489 305 Cursus
517 271 574 304 est
601 274 724 305 certus
743 269 875 314 aetatis,
905 275 943 307 et
970 283 1045 308 una
1065 271 1123 308 via
1152 278 1308 316 naturae,

135 334 252 371 eaque
270 321 425 369 simplex
445 335 453 359 z
475 333 615 369 suaque
633 321 767 370 cuique
785 323 883 370 parti
903 324 1023 361 aetatis
1043 325 1312 374 tempestivitas

134 382 191 412 est
208 374 320 418 data;
350 381 392 412 ut
412 380 450 412 et
477 374 672 412 infirmitas
691 387 902 424 puerorum,
924 384 962 414 et
980 378 1154 415 ferocitas
1166 378 1302 427 juven-

134 441 208 473 um,
222 433 260 464 et
270 428 434 475 gravitas
447 428 525 477 jam
546 428 752 466 constantis
767 429 900 474 aetatis,
919 435 955 467 et
968 432 1171 469 senectutis
1188 437 1308 470 matu-

132 482 221 519 ritas
240 482 412 519 naturale
431 481 609 531 quiddam
623 481 770 526 habeat,
785 482 887 530 quod
907 495 974 519 suo
990 489 1157 533 tempore
1173 485 1312 535 percipi

131 535 278 572 debeat.
335 535 397 572 34.
454 535 630 572 Arbitror
657 539 695 572 te
721 536 861 579 audire,
895 535 1029 585 Scipio,
1058 538 1192 587 hospes
1220 544 1308 577 tuus

131 589 265 632 avitus,
295 588 500 633 Masinissa,
530 600 613 637 quae
641 588 753 626 faciat
780 589 903 634 hodic,
942 591 1150 639 nonaginta
1187 605 1305 629 annos

131 645 241 679 natus
257 654 265 678 :
296 654 411 690 quum
430 643 618 690 ingressus
636 642 708 680 iter
726 643 883 691 pedibus
902 643 962 688 sit,
978 643 1017 679 in
1040 657 1174 693 equum
1192 646 1311 682 omni·

129 707 179 732 no
195 707 270 731 non
286 696 532 733 adscendere:
550 708 665 744 quum
680 708 787 744 equo,
800 708 846 732 ex
858 708 954 745 equo
972 709 1048 733 non
1056 698 1283 736 descendere
1298 713 1307 736 ε

129 748 234 785 nullo
253 748 381 794 imbre,
403 749 507 786 nullo
534 749 673 797 frigore
702 749 849 794 adduci,
871 756 913 787 ut
932 751 1054 799 capite
1074 762 1205 800 operto
1234 752 1282 790 sit
1300 767 1307 790 :

131 814 312 839 summam
329 803 370 839 in
389 815 433 840 eo
453 816 531 840 csse
550 803 715 851 corporis
744 803 950 841 siccitatem
971 817 978 840 ε
1010 804 1136 854 itaque
1156 807 1307 854 exsequi

129 855 256 892 omnia
277 856 393 905 Regis
412 857 531 894 officia
550 862 588 893 et
602 868 770 893 munera.
845 856 976 894 Potest
995 856 1111 906 Igitur
1131 859 1311 897 exercita-

128 910 182 946 tio
202 915 240 946 et
259 910 504 958 temperantia
532 910 645 948 etiam
661 910 702 946 in
721 915 913 948 senectute
933 922 1151 948 conservare
1170 913 1311 962 aliquid

132 963 281 1010 pristini
300 963 455 1001 roboris.

186 1015 252 1053 XI.
283 1016 372 1054 Non
400 1021 488 1054 sunt
515 1017 554 1053 in
573 1021 767 1054 senectute
795 1016 889 1054 vires
907 1017 926 1054 ἶ)
980 1018 1040 1055 Ne
1068 1018 1309 1067 postulantur

130 1069 282 1117 quidem
302 1069 397 1108 vires
416 1084 437 1107 a
457 1075 662 1108 senectute.
720 1070 823 1119 Ergo
843 1076 880 1109 et
898 1071 1042 1119 legibus
1062 1077 1100 1109 et
1127 1072 1311 1110 institutis

130 1127 237 1160 vacat
256 1131 347 1161 aetas
375 1131 502 1161 nostra
519 1124 735 1161 muneribus
753 1124 809 1168 iis,
838 1136 920 1173 quae
941 1137 1017 1162 non
1043 1131 1200 1174 possunt
1229 1125 1308 1162 sine

130 1175 270 1213 viribus
289 1177 474 1214 sustineri.
515 1177 646 1226 Itaque
661 1190 737 1214 non
757 1177 880 1222 modo,
897 1179 998 1227 quod
1011 1191 1086 1216 non
1103 1191 1308 1227 possumus,

131 1229 195 1266 sed
216 1242 263 1267 ne
279 1236 459 1279 quantum
481 1243 676 1280 possumus
691 1231 854 1279 quidem,
874 1232 1057 1280 cogimur.
1096 1233 1159 1269 35.
1184 1232 1237 1270 At
1252 1233 1305 1269 ita

131 1282 238 1321 multi
258 1289 347 1321 sunt
374 1284 548 1321 imbecilli
567 1297 684 1329 senes,
704 1291 748 1321 ut
767 1284 913 1320 nullum
933 1285 1042 1322 officii
1062 1292 1126 1323 aut
1156 1287 1308 1322 omnino

131 1336 218 1374 vitae
234 1350 368 1374 munus
383 1338 534 1387 exsequi
546 1337 702 1386 possint.
733 1338 785 1374 At
804 1337 843 1374 id
858 1337 1009 1386 quidem
1025 1351 1101 1375 non
1118 1339 1309 1388 proprium

132 1391 333 1428 senectutis
352 1395 408 1429 est
427 1392 570 1435 vitium,
592 1392 658 1428 sed
678 1403 875 1428 commune
889 1391 1127 1429 valetudinis.
1187 1392 1311 1437 Quam

131 1442 203 1481 fuit
221 1444 427 1481 imbecillus
450 1445 571 1481 Publii
590 1442 760 1481 Africani
779 1445 876 1481 filius
894 1445 937 1490 is,
958 1446 1022 1494 qui
1042 1452 1079 1483 te
1098 1445 1308 1495 adoptavit!

132 1510 242 1545 quam
264 1498 368 1535 tenui
396 1505 461 1536 aut
480 1499 584 1535 nulla
611 1498 736 1547 potius
766 1498 980 1536 valetudine
998 1499 1007 1536 l
1066 1499 1180 1544 Quod
1200 1499 1238 1536 ni
1258 1499 1311 1536 ita

132 1550 273 1596 fuisset,
289 1552 446 1589 alterum
466 1552 529 1588 ille
548 1552 751 1589 exstitisset
770 1551 896 1588 lumen
924 1552 1098 1590 civitatis.
1155 1552 1218 1589 Ad
1247 1565 1311 1601 pa-

134 1609 278 1641 ternam
308 1606 407 1642 enim
446 1605 745 1654 magnitudinem
791 1605 906 1641 animi
953 1605 1125 1643 doctrina
1161 1607 1312 1643 uberior

132 1664 347 1696 accesserat.
406 1659 509 1704 Quid
537 1660 671 1695 mirum
698 1659 815 1706 igitur
851 1659 890 1695 in
923 1659 1083 1703 senibus,
1115 1659 1144 1696 si
1172 1659 1309 1696 infirmi

132 1718 220 1748 sunt
239 1712 450 1761 aliquandO,
472 1725 587 1761 quum
599 1712 638 1749 id
653 1725 700 1748 ne
715 1712 968 1749 adolescentes
985 1713 1134 1761 quidem
1149 1713 1313 1762 effugere

134 1765 315 1814 possint?
370 1765 652 1811 Resistendum,
674 1765 770 1802 Laeli
798 1770 836 1803 et
866 1765 1000 1814 Scipio,
1032 1766 1217 1804 senectuti
1245 1771 1312 1810 est,

135 1818 289 1868 ejusque
307 1819 397 1857 vitia
409 1819 607 1869 dilig-entia
621 1819 895 1868 compensanda
915 1825 1013 1856 sunt.
1047 1819 1310 1868 pugnandum,

136 1876 314 1921 tanquam
342 1878 473 1910 contra
501 1874 683 1917 morbum,
713 1872 765 1910 sic
791 1883 921 1910 contra
950 1878 1193 1910 senectutem.
1249 1872 1314 1910 36.

136 1925 324 1964 Habenda
360 1927 455 1964 ratio
483 1926 728 1964 valetudinis:
769 1926 952 1964 utendum
988 1926 1316 1964 exercitationibus

136 1979 289 2016 modicis
305 1993 314 2017 ε
344 1984 491 2018 tantum
510 1980 584 2018 cibi
603 1985 641 2018 et
660 1980 822 2029 potionis
842 1979 1108 2024 adhibendum,
1129 1985 1173 2017 ut
1192 1980 1312 2017 refici-

138 2039 250 2069 antur
277 2033 382 2078 vires,
413 2046 489 2070 non
516 2034 789 2083 opprimantur.
846 2033 926 2070 Nec
958 2046 1046 2070 vero
1073 2033 1220 2082 corpori
1248 2034 1318 2070 soli

137 2086 432 2124 subveniendum
452 2092 518 2134 est,
539 2087 605 2124 sed
624 2087 741 2124 menti
769 2091 882 2135 atque
901 2086 1025 2123 animo
1045 2087 1162 2124 multo
1181 2087 1314 2136 magis.

137 2138 238 2176 Nam
256 2140 337 2177 haec
356 2153 514 2190 quoque,
542 2140 613 2178 nisi
632 2145 811 2189 tanquam
837 2140 968 2176 lumini
997 2140 1120 2177 oleum
1146 2140 1316 2186 instilles,

139 2192 433 2242 exstinguuntur
452 2199 656 2232 senectute.
714 2193 765 2232 Et
784 2206 938 2243 corpora
965 2194 1116 2242 quidem
1135 2193 1317 2242 defatiga-

137 2247 241 2284 tione
262 2246 319 2297 [et
338 2247 620 2298 exercitatione]
642 2247 908 2296 ingravescunt
928 2260 936 2284 :
958 2247 1071 2284 animi
1089 2252 1215 2285 autem
1239 2246 1314 2297 [se]

137 2301 347 2339 exercendo
366 2300 549 2338 levantur.
607 2301 703 2337 Nam
723 2312 814 2350 quos
834 2301 887 2339 ait
903 2300 1076 2339 Caecilius

314 2384 397 2390 ——-
412 2368 547 2399 comicos
563 2367 672 2398 stultos
689 2376 789 2405 senes,
