1496 2671
392 105 582 152 QUINTI
611 104 800 142 CURTII
828 104 971 143 RUFI.
1209 108 1259 146 39

95 215 246 265 navigia
264 213 420 252 classicis
439 212 575 255 cessit;
603 210 830 261 appulsaque
857 216 943 250 sunt
960 210 1071 257 litori,
1100 211 1258 252 lacerata

97 270 284 318 pleraque.

151 321 262 360 XIV.
291 319 425 357 Iisdem
443 318 574 356 diebus
591 317 687 355 forte
701 317 1042 366 Carthaginensium
1061 319 1174 369 legati
1189 321 1254 358 tri·

94 376 202 424 ginta
219 372 495 423 superveniunt,
516 371 634 420 majus
661 371 817 408 obsessis
834 372 1018 418 solatium,
1035 386 1145 422 quam
1164 387 1253 412 aux-

94 429 196 466 ilium
216 441 224 472 ;
253 427 389 476 quippe
408 425 610 463 domestico
630 425 727 462 bello
743 424 887 462 Poenos
906 426 1087 474 impediri,
1112 440 1180 465 nee
1207 428 1254 465 de

92 481 254 530 imperio,
277 481 341 518 sed
360 493 428 529 pro
456 479 573 517 salute
600 479 774 516 dimicare
801 478 1040 517 nunciabant.
1097 481 1253 530 Syracu·

93 534 170 572 sani
189 539 279 572 tunc
306 534 469 571 Africam
488 533 656 578 urebant,
677 537 715 570 et
742 532 842 569 haud
859 533 987 581 procul
1017 533 1253 583 Carthaginis

91 588 206 624 muris
232 588 443 625 locaverant
469 592 602 624 castra.
658 586 745 622 Non
773 590 899 623 tamen
929 586 1096 624 defecere
1123 588 1252 625 animis

92 641 207 690 Tyrii,
223 654 441 691 quamquam
459 641 504 677 ab
518 639 662 689 ingenti
673 652 737 690 spe
755 639 926 677 destituti
944 645 1062 684 erant,
1081 641 1146 678 sed
1164 654 1252 679 con-

82 694 194 743 juges
220 694 427 744 liberosque
454 694 687 731 devehendos
716 693 978 741 Carthaginem
1005 694 1253 739 tradiderunt,

87 748 219 786 fortius
237 748 419 798 quidquid
446 748 628 785 accideret
646 746 767 792 laturi,
785 747 815 783 si
843 747 1064 784 carissimam
1091 748 1148 784 sui
1166 762 1250 797 par-

88 806 162 839 tem
175 807 280 840 extra
298 802 501 839 communis
520 801 672 850 periculi
691 806 827 838 sortem
846 800 1073 839 habuissent.
1105 801 1248 846 Quum-

85 868 159 904 que
177 868 274 892 unus
291 868 311 892 e
329 856 470 893 civibus
489 855 657 892 concioni
677 854 885 899 indicasset,
908 855 1068 892 oblatam
1088 867 1166 892 esse
1183 869 1250 905 per

87 921 258 946 somnum
277 909 347 947 sibi
373 909 530 958 speciem
558 907 752 958 Apollinis,
774 920 881 957 quem
911 908 1043 945 eximia
1069 908 1248 958 religione

85 963 262 1008 colerent,
291 963 420 1000 urbem
448 962 663 1007 deserentis,
697 962 902 1010 molemque
930 975 951 998 a
980 962 1246 1001 Macedonibus

77 1016 217 1064 jactam
253 1017 290 1053 in
328 1017 404 1053 salo
439 1016 479 1053 in
515 1016 731 1064 sylvestrem
763 1015 898 1052 saltum
925 1028 1003 1052 esse
1039 1020 1244 1061 mutatam;

82 1082 304 1118 quamquam
323 1075 450 1107 auctor
468 1069 558 1106 levis
570 1074 661 1113 erat,
683 1076 805 1106 tamen
825 1069 871 1105 ad
890 1069 1074 1106 deteriora
1092 1070 1244 1107 creden-

79 1124 130 1159 da
156 1122 263 1172 proni
299 1131 411 1167 metu,
449 1135 560 1159 aurea
596 1127 726 1159 catena
761 1122 961 1159 devinxere
997 1123 1242 1169 simulacrum,

80 1188 239 1225 araeque
266 1175 452 1221 Herculis,
481 1175 585 1224 cujus
613 1176 755 1211 numini
786 1176 911 1212 urbem
933 1176 1157 1222 dicaverant,
1187 1178 1243 1214 in-

79 1242 226 1267 seruere
254 1229 452 1274 vinculum,
492 1229 595 1278 quasi
623 1229 686 1265 illo
713 1229 783 1265 deo
810 1229 1021 1278 Apollinem
1049 1232 1241 1269 retenturi.

79 1283 271 1332 Syracusis
289 1283 329 1320 id
355 1283 589 1320 simulacrum
609 1283 834 1320 devexerant
855 1282 969 1319 Poeni
990 1289 1027 1320 ct
1046 1284 1085 1319 in
1105 1285 1243 1333 majore

78 1336 291 1375 locaverant
304 1337 445 1387 patria:
475 1336 672 1385 multisque
692 1336 771 1373 aliis
791 1336 914 1384 spoliis
930 1337 1076 1373 urbium
1096 1350 1117 1374 a
1129 1346 1243 1376 semet

78 1394 280 1439 captarum,
300 1403 376 1428 non
405 1390 669 1438 Carthaginem
696 1390 812 1438 magis
831 1402 940 1438 quam
963 1390 1104 1440 Tyrum
1133 1404 1240 1429 orna-

77 1448 218 1482 verant.

129 1496 214 1534 XV.
244 1497 395 1535 Sacrum
411 1510 569 1547 quoque,
591 1496 689 1545 quod
710 1496 857 1544 quidem
877 1496 947 1534 diis
964 1497 1113 1536 minime
1133 1501 1235 1537 cordi

75 1563 155 1587 esse
188 1551 417 1597 crediderim,
447 1550 571 1588 multis
607 1550 738 1587 seculis
773 1550 1021 1588 intermissum
1046 1554 1238 1601 repetendi

76 1609 246 1642 auctores
265 1605 414 1653 quidam
434 1609 550 1649 erant,
567 1609 609 1641 ut
627 1604 810 1652 ingenuus
825 1616 917 1652 puer
932 1604 1092 1643 Saturno
1110 1606 1239 1644 immo-

76 1657 243 1702 laretur;
276 1659 391 1708 (quod
418 1658 649 1706 sacrilegium
677 1657 797 1694 verius
826 1670 934 1707 quam
964 1671 1116 1705 sacrum,
1149 1660 1238 1698 Car-

73 1711 311 1759 thaginenses
330 1725 351 1748 a
370 1711 624 1749 conditoribus
642 1710 833 1756 traditum,
853 1724 969 1761 usque
987 1712 1034 1749 ad
1055 1713 1237 1752 excidium

73 1766 175 1802 urbis
193 1778 290 1812 suae,
309 1766 436 1803 secisse
451 1763 641 1815 dicuntur)
659 1777 712 1809 ac,
733 1764 803 1801 nisi
822 1765 981 1803 seniores
997 1767 1237 1814 obstitissent,

75 1831 231 1867 quorum
259 1820 411 1856 consilio
447 1823 581 1857 cuncta
618 1819 834 1867 agebantur,
864 1819 1130 1858 humanitatem
1158 1822 1238 1859 dira

75 1872 287 1921 superstitio
331 1873 490 1911 vicisset.
565 1872 751 1916 Ceterum,
790 1872 971 1910 efficacior
1007 1874 1108 1910 omni
1156 1880 1236 1913 arte

75 1926 284 1972 necessitas,
312 1938 388 1964 non
423 1926 560 1964 usitata
592 1925 704 1963 modo
729 1926 922 1974 praesidia,
961 1927 1025 1963 sed
1057 1929 1237 1976 quaedam

75 1977 188 2015 ctiam
221 1992 318 2016 nova
354 1981 530 2018 admovit.
585 1979 756 2028 Namque
793 1979 841 2016 ad
875 1980 1098 2028 implicanda
1135 1983 1238 2019 navi-

75 2031 148 2079 gia,
181 2044 275 2081 quae
309 2045 434 2071 muros
460 2034 644 2077 subibant,
675 2032 805 2069 validis
832 2034 1013 2071 asseribus
1040 2047 1168 2073 corvos
1197 2043 1234 2074 et

74 2084 210 2122 ferreas
255 2098 383 2125 manus
418 2086 519 2137 [cum
556 2086 660 2124 uncis
688 2099 730 2123 ac
765 2086 937 2137 falcibus]
978 2087 1232 2137 alligaverant,

73 2142 128 2182 ut,
160 2151 274 2187 quum
291 2144 476 2179 tormento
494 2153 632 2178 asseres
651 2140 931 2189 promovissent,
953 2142 1074 2179 subito
1103 2143 1234 2180 laxatis

72 2190 224 2229 funibus
258 2192 466 2241 injicerent.
533 2193 632 2231 Unci
659 2206 805 2243 quoque
832 2199 869 2231 et
895 2194 1006 2232 falces
1032 2209 1077 2232 ex
1104 2196 1232 2234 iisdem

71 2245 253 2282 asseribus
273 2246 533 2296 dependentes,
553 2253 618 2286 aut
632 2253 936 2297 propugnatores,
957 2253 1022 2286 aut
1039 2249 1119 2298 ipsa
1130 2252 1233 2287 navi-

68 2298 132 2346 gia
150 2298 377 2338 lacerabant.
433 2301 592 2351 Clypeos
611 2313 698 2338 vero
724 2313 852 2338 aereos
870 2302 989 2339 multo
1008 2303 1095 2351 igne
1113 2308 1230 2341 torre-

69 2351 174 2399 bant,
195 2365 297 2402 qUOS,
319 2355 477 2405 repletos
503 2354 644 2392 fervida
671 2366 782 2392 arena
800 2367 989 2404 coenoque
1016 2357 1180 2402 decocto,
1211 2371 1230 2394 e
