1496 2671
533 208 965 247 EPAMINONDAS.
1288 209 1339 245 35

146 324 307 371 possent
338 317 535 368 judicare.
592 315 759 365 Aryivos
796 317 895 352 enim
929 315 1057 364 faisse
1101 313 1268 352 Orestem
1306 320 1344 351 ec

153 372 433 416 Alcmaeonem,
450 370 702 407 matricidas·
688 386 702 413 ;
731 369 867 406 Thebis
892 368 1077 418 Oedipum
1098 375 1244 413 natum,
1261 370 1342 417 qui,

152 437 271 475 quum
284 431 438 475 patrem
459 436 568 461 suum
601 422 860 472 interfi'czsset,
881 435 925 459 ew
948 429 1067 459 matre
1093 421 1228 459 liberos
1247 434 1340 471 pro-

152 477 325 517 creasset.
385 478 459 515 Hic
487 478 528 514 in
551 477 814 526 respondendo
835 475 1130 523 Epaminondas,
1154 488 1272 524 quum
1292 476 1340 512 de

151 532 289 570 ceteris
309 534 536 581 perorasset,
557 537 759 579 postquam
778 530 825 567 ad
844 530 911 566 illa
930 530 1004 566 duo
1024 530 1228 578 opprobria
1254 541 1340 577 per-

150 586 283 629 venit3
321 585 534 629 Admirarz,
570 597 618 629 se,
648 584 760 628 dixit,
790 583 991 620 stultitiam
1018 582 1180 619 rhetoris
1207 582 1339 625 Attici,

151 640 221 688 qui
255 651 332 675 non
365 639 695 683 animadverteret,
727 638 942 673 innocentes
973 633 1062 672 illos
1090 642 1211 681 natos,
1241 636 1344 672 domi

150 686 287 729 scelere
319 692 489 737 admisso,
520 704 638 740 qaum
667 688 802 741 patri&
834 695 955 726 essent
981 689 1138 738 expulsi,
1176 695 1343 739 receptos

151 758 228 782 esse
255 744 304 782 ab
337 745 641 782 Atheniensibus.
701 745 778 782 Sed
804 744 973 780 maxime
1006 742 1088 791 ejus
1119 742 1344 791 eloquentia

152 799 276 836 eluxit
307 798 468 848 Spartae
495 799 611 848 legati
642 805 730 836 ante
749 810 918 847 pugnam
937 796 1194 833 Leuctricam.
1252 795 1344 840 Quo

151 865 272 901 quum
304 852 475 890 omnium
514 853 701 890 sociorum
739 851 1009 889 convenissent
1045 850 1173 898 legati,
1213 862 1342 887 coram

151 906 462 954 f1equentissim0
491 906 728 955 legationum
748 909 939 942 conventu
969 903 1023 940 sic
1042 903 1341 940 Lacedaemoni-

154 970 277 996 orum
292 960 536 1009 tyrannidem
564 959 750 1008 coarguit,
772 964 814 995 ut
840 970 917 995 non
937 957 1064 994 minus
1084 957 1151 993 illa
1168 957 1342 994 oratione

153 1025 244 1061 opes
263 1025 393 1050 eorum
414 1013 648 1050 concusserit
668 1025 781 1060 quam
808 1008 1012 1049 Leuctrica
1041 1023 1182 1058 pugna
1239 1010 1342 1046 Tum

153 1066 257 1102 enim
285 1066 456 1114 perfecit,
478 1067 579 1114 quod
607 1071 693 1115 post
711 1065 900 1115 appa1uit‚
923 1070 966 1101 ut
985 1064 1132 1101 auxilio
1150 1063 1342 1102 sociorum

153 1118 447 1157 Lacedaemonii
466 1120 725 1169 privarentur.

156 1257 258 1297 CAP.
295 1258 396 1296 VII.
452 1258 698 1308 Injurz‘drum
734 1257 898 1295 oblivio.-
936 1259 1087 1309 imperii
1122 1259 1344 1295 diuturnior

638 1314 853 1362 usurpatio.

208 1387 357 1425 FUISSE
385 1388 606 1437 patientem,
628 1399 857 1435 suorumque
885 1386 1048 1436 injurias
1076 1386 1264 1424 ferentem
1288 1387 1342 1424 ci-

155 1441 274 1487 vium,
289 1442 391 1489 quod
405 1454 445 1479 se
461 1442 607 1490 patriae
621 1441 734 1480 irasci
748 1441 854 1479 nefas
870 1453 952 1479 esse
964 1441 1132 1487 duceret,
1146 1441 1240 1478 haec
1253 1445 1344 1478 sunt

153 1494 383 1532 testimonia.
443 1493 572 1541 Quum
593 1507 691 1540 eum,
712 1501 869 1545 propter
887 1495 1086 1538 invidiam,
1107 1495 1212 1532 cives
1231 1507 1343 1544 prae-

153 1548 268 1585 ficere
296 1548 485 1586 exercitui
513 1548 737 1594 noluissent,
758 1549 915 1597 duxque
943 1554 1042 1586 esset
1062 1548 1233 1585 delectus
1252 1547 1344 1585 belli

154 1601 366 1650 imperitus,
388 1601 498 1650 eujus
519 1614 647 1640 errore
667 1615 711 1640 eo
731 1608 830 1640 esset
849 1602 1013 1640 deducta
1040 1602 1107 1639 illa
1134 1601 1344 1638 multitudo

153 1655 332 1700 militum,
352 1661 396 1692 ut
415 1668 546 1693 omnes
566 1655 613 1693 de
633 1656 756 1693 salute
774 1653 1102 1705 pertimescerent,
1123 1656 1228 1704 quod
1243 1655 1344 1692 loco-

153 1721 239 1745 rum
259 1709 447 1757 angustiis
467 1709 587 1746 clausi
607 1710 655 1746 ab
677 1710 853 1747 hostibus
883 1709 1173 1754 obsidebantur,
1192 1708 1343 1746 deside-

154 1761 232 1798 rari
260 1768 394 1810 coepta
423 1768 480 1800 est
504 1763 794 1812 Epaminondae
818 1762 1037 1813 diligentia3
1065 1768 1147 1800 erat
1167 1762 1268 1799 enim
1288 1761 1344 1799 ibi

156 1815 330 1863 privatus
350 1828 509 1853 numero
532 1816 721 1853 militum:
751 1829 774 1854 a
793 1829 866 1863 quo
886 1829 1003 1864 quum
1023 1821 1200 1865 peterent
1219 1828 1342 1863 opem,

154 1868 299 1905 nullam
327 1869 502 1907 adhibuit
530 1870 751 1907 memoriam
779 1870 1044 1914 contumeliae,
1066 1876 1103 1906 et
1130 1869 1345 1906 exercitum

154 1922 351 1959 obsidione
370 1922 586 1968 liberatum,
608 1924 763 1961 domum
782 1923 940 1960 reduxit
962 1923 1204 1960 incolumem.
1263 1921 1344 1959 Ne-

154 1987 228 2022 que
249 1988 340 2013 vero
359 1976 429 2013 hoc
450 1977 566 2014 semel
585 1977 687 2021 fecit,
709 1977 776 2014 sed
795 1977 960 2026 saepius.
1015 1976 1189 2013 Maxime
1215 1981 1344 2013 autem

156 2028 230 2065 fuit
248 2029 407 2076 illustre,
428 2041 544 2077 quum
563 2030 604 2066 in
630 2030 939 2079 Peloponnesum
966 2030 1180 2067 exercitum
1209 2029 1345 2066 duxis-

156 2087 214 2118 set
233 2082 415 2120 adversus
434 2083 768 2128 Lacedaemonios,
790 2084 1024 2133 haberetque
1044 2083 1208 2131 collegas
1237 2083 1343 2125 duos,

155 2147 318 2182 quorum
356 2136 451 2174 alter
487 2144 569 2174 erat
607 2137 821 2186 Pelopidas,
851 2138 911 2174 vir
940 2137 1050 2174 fortis
1079 2149 1122 2174 ac
1150 2143 1345 2173 strenuus.

158 2186 235 2224 Hic
255 2201 373 2236 quum
392 2190 617 2228 criminibus
633 2191 940 2228 adversariorum
955 2203 1086 2228 omnes
1103 2191 1142 2226 in
1156 2190 1345 2226 invidiam

156 2242 361 2287 venissent,
382 2244 430 2280 ob
449 2256 607 2292 eamque
632 2257 713 2282 rem
741 2244 945 2293 imperium
974 2244 1033 2281 his
1062 2250 1161 2281 esset
1184 2244 1344 2291 abroga-

156 2302 250 2339 tum,
272 2302 385 2342 atque
403 2297 444 2332 in
464 2310 596 2334 eorum
615 2298 740 2335 locum
760 2298 824 2335 alii
844 2305 1039 2346 praetores
1055 2297 1344 2338 successissent3

157 2349 443 2397 Epaminondas
469 2351 669 2398 plebiscito
697 2365 773 2388 non
803 2352 942 2400 paruit,
963 2352 1141 2398 idemque
1170 2355 1213 2386 ut
1240 2348 1342 2386 face-

156 2409 244 2439 rent
263 2403 450 2450 persuasit
470 2404 637 2452 collegis,
658 2411 695 2441 et
714 2405 870 2450 bellum,
890 2405 990 2452 quod
1010 2409 1240 2452 susceperat,
1257 2415 1343 2451 ges-

157 2456 218 2493 sit.
275 2456 453 2506 Namque
482 2457 821 2504 animadvertebat,
853 2458 927 2496 nisi
954 2459 994 2494 id
1022 2457 1187 2503 fecisset,
1217 2462 1342 2494 totum
