1496 2671
318 157 391 199 DE
421 155 601 199 BELLO
632 158 880 199 GALLICO
909 159 1013 197 Llss.
1046 158 1117 197 IV.
1259 160 1310 197 63

177 266 255 306 IX.
285 269 421 317 Legati
441 268 521 304 haec
541 267 588 304 ad
608 279 696 303 suos
715 267 903 304 relaturos
922 268 1117 311 dixerunt,
1134 273 1172 304 et
1190 279 1230 303 re
1244 267 1309 304 de-

121 320 284 361 liberata
303 328 387 370 post
406 321 507 357 diem
526 321 685 357 tertium
705 321 752 356 ad
774 320 966 358 Caesarem
982 333 1203 358 reversuros
1221 335 1230 363 3
1249 321 1309 356 in·-

123 383 228 414 terea
246 388 294 412 ne
312 374 470 423 propius
489 386 529 411 se
549 380 673 411 castra
702 381 886 419 moveret,
916 374 1123 423 petierunt.
1181 373 1243 410 Ne
1270 374 1310 409 id

122 430 275 478 quidem
297 427 426 465 Caesar
445 429 493 464 ab
513 440 553 464 se
572 427 770 475 impetrari
790 439 900 475 posse
920 428 1020 464 dixit
1042 442 1051 471 ;
1076 433 1311 475 cognoverat

124 483 223 519 enim
244 493 421 530 magnam
443 489 592 530 partem
612 480 807 529 equitatsis
836 481 883 517 ab
917 481 964 517 iis
995 481 1140 529 aliquot
1174 480 1311 517 diebus

122 541 211 572 ante
230 535 426 584 praedandi
455 533 793 582 frumentandique
821 536 937 570 causa
965 534 1012 570 ad
1042 533 1311 570 Ambivaritos

120 596 226 626 trans
248 589 397 625 Mosam
418 587 585 625 missam.
645 587 727 624 Hos
759 587 977 635 exspectari
1009 587 1161 635 equites
1195 594 1310 636 atque

119 641 202 690 ejus
221 642 277 679 rei
297 643 412 678 causa
433 654 577 678 moram
596 640 789 689 interponi
810 641 1085 677 arbitrabatur.

173 695 226 732 X.
260 696 369 732 Mosa
387 695 546 743 profluit
563 706 612 731 ex
632 701 760 731 monte
777 694 932 741 Vosego
944 695 1007 741 qui
1029 700 1086 731 est
1106 694 1145 729 in
1167 693 1309 730 finibus

117 747 350 796 Lingonum,
380 755 418 784 et
451 754 559 796 parte
590 745 754 795 quadam
781 760 831 784 ex
864 747 1002 784 Rheno
1029 749 1195 795 recepta,
1224 758 1308 794 quse

117 802 334 850 appellatur
364 800 532 844 Vahalis,
563 801 805 849 insulamque
838 801 955 837 efficit
988 801 1237 841 Batavorum,
1268 801 1308 835 in

119 855 315 893 Oceanum
335 855 474 899 influit,
496 867 619 902 neque
635 855 785 903 longius
801 855 848 891 ab
864 854 1017 891 Oceano
1034 854 1203 890 millibus
1224 866 1309 901 pas-

117 921 229 945 suum
245 908 411 945 LXXX
424 909 462 944 in
478 908 657 945 Rhenum
669 908 820 944 transit.
869 908 1029 944 Rhenus
1044 914 1172 944 autem
1181 908 1310 943 oritur

117 974 170 998 ex
188 961 401 1009 Lepontiis,
423 962 489 1009 qui
513 961 635 1009 Alpes
662 962 847 1006 incolunt,
878 967 917 998 et
944 961 1059 1009 longo
1087 961 1211 1009 spatio
1241 973 1309 1008 per

116 1016 211 1052 fines
240 1015 506 1059 Nantuatium,
538 1013 818 1059 Helvetiorum,
850 1014 1129 1063 Sequanorum,
1157 1012 1308 1050 Medio·

115 1069 377 1112 matricorum,
399 1068 668 1112 Tribucorum,
692 1068 943 1105 Trevirorum
957 1069 1097 1105 citatus
1117 1067 1253 1112 fertur,
1270 1075 1308 1103 et

115 1122 181 1158 ubi
200 1121 353 1159 Oceano
365 1122 659 1170 appropinquat,
676 1121 715 1157 in
731 1121 860 1169 plures
873 1121 1012 1159 diffluit
1025 1127 1163 1170 partes,
1176 1121 1309 1157 multis

114 1175 409 1223 ingentibusque
441 1175 578 1211 insulis
615 1174 772 1218 effectis,
803 1188 966 1223 quarum
997 1187 1087 1224 pars
1118 1186 1258 1222 magna
1286 1186 1308 1210 a

114 1227 206 1265 seris
223 1228 474 1276 barbarisque
494 1228 714 1265 nationibus
741 1228 936 1271 incolitur,
957 1241 1007 1265 ex
1035 1229 1175 1276 quibus
1204 1234 1306 1270 sunt,

114 1283 180 1330 qui
202 1282 370 1330 piscibus
385 1291 499 1330 atque
515 1282 597 1318 ovis
613 1282 743 1318 avium
759 1282 893 1318 vivere
908 1282 1190 1327 existimantur,
1207 1281 1308 1318 mul·-

112 1338 239 1383 tisque
258 1335 448 1381 capitibus
467 1335 506 1370 in
529 1333 726 1372 Oceanum
745 1335 888 1371 influit.

167 1388 246 1424 XI.
277 1387 407 1426 Caesar
425 1401 544 1436 quum
564 1389 611 1425 ab
631 1389 740 1425 hoste
759 1401 835 1425 non
848 1388 1012 1437 amplius
1026 1400 1207 1437 passuum
1220 1389 1309 1426 XII

113 1442 283 1479 millibus
312 1443 472 1486 abesset,
504 1447 547 1478 ut
580 1447 663 1478 erat
698 1442 963 1487 constitutum,
992 1443 1040 1479 ad
1071 1454 1158 1478 eum
1189 1443 1309 1492 legati

113 1500 378 1532 revertuntur:
408 1495 474 1544 qui
508 1495 549 1531 in
580 1495 719 1532 itinere
753 1496 950 1543 congressi
981 1508 1224 1545 magnopere,
1259 1509 1308 1534 ne

113 1548 265 1597 longius
280 1549 588 1597 progrederetur,
606 1549 777 1585 orabant.
815 1547 945 1594 Quum
957 1549 997 1585 id
1012 1562 1088 1585 non
1103 1550 1307 1599 impetras-

113 1608 210 1647 sent,
230 1603 423 1650 petebant,
446 1602 503 1638 uti
523 1602 569 1638 ad
590 1614 654 1639 eos
670 1602 829 1650 equites,
844 1602 911 1650 qui
928 1615 1064 1651 agmen
1080 1604 1308 1641 antecessis-

112 1661 208 1700 sent,
230 1656 493 1702 praemitteret,
509 1667 648 1703 eosque
669 1657 799 1704 pugna
813 1656 1051 1704 prohiberet3
1081 1657 1230 1706 sibique
1250 1657 1307 1693 uti

111 1714 339 1757 potestatem
358 1708 511 1753 faceret,
534 1709 575 1745 in
604 1709 728 1747 Ubios
747 1709 894 1757 legatos
917 1709 1113 1746 mittendi:
1142 1723 1308 1759 quorum

112 1762 143 1799 si
163 1761 356 1811 principes
376 1775 420 1799 ac
438 1768 592 1799 senatus
612 1762 687 1799 sibi
701 1761 958 1810 jurejurando
978 1763 1092 1800 fidem
1112 1762 1304 1809 fecissent,

112 1813 157 1852 eft
175 1815 404 1861 conditione,
425 1827 511 1863 quae
525 1828 546 1852 a
563 1815 716 1852 Caesare
731 1815 908 1861 ferretur,
926 1829 965 1853 se
979 1829 1115 1853 usuros
1130 1817 1306 1854 ostende-

111 1869 220 1905 bant:
249 1869 297 1906 ad
316 1869 384 1906 has
403 1882 464 1906 res
484 1869 739 1906 conficiendas
760 1869 834 1906 sibi
856 1870 975 1906 tridui
999 1870 1165 1918 spatium
1185 1871 1304 1908 daret.

112 1922 209 1958 Haec
228 1923 355 1960 omnia
376 1922 506 1960 Caesar
525 1923 656 1959 eodem
676 1922 742 1959 illo
762 1924 953 1971 pertinere
969 1924 1241 1969 arbitrabatur,
1264 1931 1308 1960 ut

112 1975 230 2012 tridui
250 1978 356 2012 mora
374 1974 603 2025 interposita
622 1976 770 2024 equites
790 1988 934 2022 eorum,
949 1977 1015 2024 qui
1031 1978 1221 2022 abessent,
1244 1991 1305 2014 re-

112 2034 370 2065 verterentur:
399 2036 526 2066 tamen
548 2042 629 2066 sese
655 2042 731 2066 non
759 2029 912 2079 longius
934 2030 1105 2067 millibus
1124 2043 1307 2079 passuum

112 2088 276 2130 quatuor
295 2083 510 2129 aquationis
529 2081 644 2120 causa
662 2095 929 2132 processurum
946 2097 990 2121 eo
1003 2084 1065 2121 die
1084 2085 1200 2121 dixit:
1231 2085 1306 2122 huc

111 2142 264 2183 postero
301 2136 363 2172 die
399 2149 514 2184 quam
550 2136 853 2185 frequentissimi
887 2138 1150 2183 convenirent,
1183 2144 1225 2175 ut
1259 2139 1306 2175 de

111 2200 243 2225 eorum
277 2190 477 2236 postulatis
506 2195 762 2238 cognosceret.
823 2190 984 2228 Interim
1014 2191 1063 2228 ad
1091 2192 1304 2240 praefectos,

111 2241 284 2290 quicum
314 2243 417 2279 omni
446 2243 618 2291 equitatu
648 2250 943 2289 antecesserant,
966 2245 1085 2281 mittit
1110 2245 1177 2293 qui
1206 2258 1305 2281 nun-

110 2295 269 2340 ciarent,
290 2308 337 2332 ne
356 2296 483 2333 hostes
502 2297 634 2344 praelio
651 2297 894 2342 lacesserent,
916 2305 955 2335 et
983 2298 1015 2335 si
1044 2299 1119 2346 ipsi
1143 2299 1304 2335 lacesse-

110 2355 256 2391 rentur,
287 2349 533 2394 sustinerent,
555 2351 680 2399 quoad
714 2351 797 2399 ipse
830 2364 916 2389 cum
947 2353 1123 2390 exercitu
1146 2352 1306 2401 propius

112 2402 345 2439 accessisset.
