1496 2671
273 142 322 179 18
560 141 754 188 QUINTI
783 140 974 180 CURTII
1003 140 1147 179 RUFI.

269 254 444 298 gesserat,
465 250 673 294 verebatur,
702 262 770 287 nec
797 249 943 298 injuria,
973 262 1020 287 ex
1044 250 1102 287 his
1129 262 1222 298 quae
1248 250 1438 292 tribuisset

268 303 339 339 sibi
354 316 363 347 3
394 314 575 351 quamque
592 303 780 341 mutabilis
798 308 906 349 esset,
925 304 1123 352 reputabat
1142 317 1150 341 :
1180 316 1293 341 unam
1310 318 1439 356 super·

264 369 342 394 esse
370 361 517 394 noctem
535 369 628 406 quae
646 357 743 396 tanti
769 356 989 394 discriminis
1016 362 1222 396 moraretur
1248 365 1438 398 eventum.

286 409 412 447 'tm‘sus
448 410 678 455 occurrebat,
708 410 848 460 majora
875 409 1048 459 periculis
1074 411 1246 460 praemia,
1276 417 1315 451 et
1342 414 1439 452 sieut

266 461 420 500 dubium
440 469 535 502 esset
563 477 611 501 an
638 465 815 509 vinceret,
834 463 887 501 ita
905 463 1000 500 illud
1018 464 1146 512 utique
1174 472 1317 504 certum
1344 480 1436 513 esse,

264 517 419 554 honeste
438 522 475 555 et
493 530 577 555 cum
604 530 740 567 magna
766 517 877 554 laude
904 517 1138 555 moriturum.
1196 518 1327 568 Itaque
1354 533 1436 558 cor-

265 583 356 620 pora
391 571 526 609 milites
554 584 682 608 curare
702 571 826 620 jussit,
857 584 899 608 ac
927 570 1064 608 deinde
1090 570 1202 609 tertia
1227 573 1355 623 vigilia
1380 574 1438 611 in-

265 629 425 662 structos
451 629 490 662 et
525 632 684 662 armatos
712 638 814 669 esse;
852 625 930 674 ipse
957 625 997 661 in
1018 623 1155 673 jugum
1181 625 1272 664 editi
1299 629 1436 667 montis

265 678 441 723 ascendit,
471 679 669 727 multisque
696 678 964 716 collucentibus
999 677 1151 724 facibus,
1180 679 1302 728 patrio
1337 694 1439 719 more

266 732 482 769 sacrificium
511 732 581 769 diis
600 732 831 781 praesidibus
850 731 922 768 loci
942 731 1039 769 fecit.
1094 731 1255 780 Jamque
1272 734 1438 781 tertium,

265 784 360 823 sicut
387 791 624 835 praeceptum
666 791 758 831 erat,
787 785 939 834 signum
974 785 1067 823 tuba
1102 785 1207 823 miles
1233 795 1439 837 acceperat,

264 839 388 877 itineri
409 839 518 877 simul
544 844 695 888 paratus
723 844 760 877 ct
787 838 955 888 praelio;
985 843 1207 887 strenueque
1227 839 1324 888 jussi
1349 854 1438 891 pro-

263 892 405 938 cedere,
427 893 568 931 oriente
587 893 670 930 lucc
688 897 938 942 pervenerunt
965 892 1013 929 ad
1040 892 1242 941 angustias,
1262 906 1352 943 quas
1378 907 1438 933 oc-

262 958 396 996 cupare
410 946 663 984 decreverant.
720 946 878 983 Darium
897 945 1054 994 triginta
1070 946 1160 983 inde
1173 947 1294 985 stadia
1311 948 1438 987 abesse

262 1000 452 1048 praemissi
470 1000 710 1038 indicabant:
740 1004 831 1037 tunc
860 999 1063 1037 consistere
1082 1012 1217 1049 agmen
1239 1000 1360 1050 jubet,
1381 1015 1440 1040 ar-

264 1054 405 1101 misque
424 1054 502 1103 ipse
519 1054 675 1103 sumptis
690 1053 805 1091 aciem
824 1053 986 1091 ordinat.

318 1107 424 1145 XXI.
472 1107 591 1146 Dario
645 1107 847 1145 adventum
893 1106 1055 1145 hostium
1101 1107 1226 1157 pavidi
1271 1114 1436 1158 agrestes

265 1162 546 1206 nunciaverunt,
592 1161 656 1198 vix
701 1160 868 1199 credenti
908 1173 1101 1198 occurrere
1127 1161 1238 1199 etiam
1279 1174 1371 1211 quos
1398 1170 1441 1202 ut

262 1215 452 1263 fugientes
481 1216 716 1263 sequebatnr.
789 1214 892 1264 Ergo
928 1227 1006 1252 non
1041 1213 1236 1252 mediocris
1273 1217 1440 1256 omnium

260 1269 400 1306 animos
427 1269 586 1306 formido
612 1269 839 1306 incesserat:
869 1267 1005 1318 quippe
1032 1267 1165 1306 itinere
1193 1280 1302 1317 quam
1330 1283 1436 1322 prae-

259 1322 308 1359 lio
344 1322 504 1371 aptiores
541 1327 658 1368 erant,
706 1322 914 1371 raptimque
960 1334 1062 1359 arma
1099 1322 1323 1371 capiebant:
1371 1325 1437 1362 sed

261 1376 340 1425 ipsa
358 1376 546 1414 festinatio
575 1375 873 1421 discurrentium,
904 1387 1061 1424 suosque
1094 1375 1143 1412 ad
1170 1389 1272 1414 arma
1298 1390 1436 1416 vocan-

259 1430 364 1475 tium,
385 1429 562 1479 majorem
589 1435 731 1468 metum
757 1429 927 1467 incussit.
980 1429 1058 1465 Alii
1075 1428 1115 1465 in
1136 1428 1272 1478 jugum
1298 1433 1436 1470 montis

256 1488 459 1529 evaserant,
480 1491 523 1521 ut
550 1483 713 1521 hostium
733 1495 867 1532 agmen
893 1482 981 1520 inde
1009 1482 1290 1532 prospicerent:
1321 1497 1436 1534 equos

253 1538 419 1586 plerique
454 1537 680 1582 frenabant3
720 1536 859 1574 discors
896 1536 1090 1582 exercitus,
1128 1549 1197 1575 nec
1226 1538 1273 1575 ad
1314 1551 1431 1579 unum

253 1592 421 1629 intentus
457 1591 664 1641 imperium,
702 1591 804 1628 vario
836 1590 1002 1629 tumultu
1031 1594 1166 1629 cuncta
1202 1592 1430 1632 turbaverat.

255 1644 394 1682 Darius
412 1645 519 1682 initio
547 1645 683 1682 montis
705 1644 841 1694 jugum
869 1657 953 1682 cum
979 1649 1086 1693 parte
1105 1644 1292 1693 copiarum
1320 1659 1429 1685 occu·

256 1711 345 1748 parc
363 1699 505 1743 statuit,
527 1708 564 1736 et
583 1711 605 1735 a
618 1698 740 1736 fronte
759 1703 797 1736 et
815 1711 837 1735 a
853 1703 961 1746 tergo
980 1697 1240 1736 circumiturus
1257 1698 1403 1738 hostem
1420 1715 1428 1741 :

259 1766 281 1788 a
300 1753 391 1790 mari
419 1764 576 1800 quoque,
596 1764 669 1800 quo
688 1752 862 1789 dextrum
882 1751 960 1800 ejus
980 1763 1095 1788 cornu
1114 1752 1324 1800 tegebatur,
1340 1753 1432 1792 alios

259 1805 482 1853 objecturus,
521 1810 564 1844 ut
591 1805 755 1853 undique
782 1810 943 1854 urgeret.
1000 1804 1153 1843 Praeter
1179 1804 1270 1844 haec
1297 1805 1432 1856 viginti

258 1858 373 1897 millia
391 1859 590 1909 praemissa
608 1872 692 1896 cum
711 1859 987 1907 sagittariorum
1004 1871 1128 1903 manu,
1149 1857 1327 1897 Pinarum
1354 1874 1432 1899 am-

255 1926 352 1960 nem,
374 1913 436 1961 qui
464 1913 538 1950 duo
558 1913 707 1962 agmina
731 1913 979 1958 interfluebat,
1008 1911 1176 1958 transire,
1206 1918 1245 1952 et
1271 1913 1432 1964 objicere

256 1980 333 2005 sese
362 1967 611 2004 Macedonum
639 1967 752 2016 copiis
792 1967 982 2016 jusserat3
1012 1965 1043 2003 si
1069 1965 1110 2002 id
1136 1972 1326 2016 praestare
1352 1980 1432 2006 non

255 2027 420 2072 possent,
441 2020 676 2058 retrocedere
694 2020 733 2057 in
747 2026 903 2066 montes,
926 2024 962 2057 et
977 2019 1121 2058 occulte
1136 2019 1328 2059 circumire
1342 2021 1431 2060 ulti-

258 2087 337 2112 mos
356 2074 530 2113 hostium.
589 2074 775 2120 Ceterum,
805 2074 990 2112 destinata
1017 2073 1214 2112 salubriter
1243 2075 1344 2114 omni
1369 2088 1430 2113 ra·

254 2129 356 2166 tione
381 2128 568 2178 potentior
586 2127 737 2166 fortuna
764 2127 935 2166 discussit
954 2141 964 2173 ;
985 2127 1120 2178 quippe
1138 2127 1200 2165 alii
1218 2139 1307 2177 prae
1325 2135 1427 2168 metu

251 2183 447 2232 imperium
484 2182 635 2230 exsequi
662 2194 739 2219 non
766 2182 966 2228 audebant,
998 2181 1059 2219 alii
1086 2182 1224 2220 frustra
1251 2194 1427 2231 exseque-

252 2235 389 2273 bantur
410 2250 418 2273 :
448 2235 544 2284 quia,
561 2236 624 2272 ubi
643 2241 766 2285 partes
793 2235 933 2282 labant,
955 2248 1098 2273 summa
1115 2236 1302 2274 turbatur.
1376 2235 1379 2238 ’

305 2289 429 2327 XXII.
461 2290 496 2328 9.
526 2289 637 2326 Acies
656 2294 781 2327 autem
799 2289 870 2327 hoc
889 2289 999 2327 modo
1015 2289 1130 2329 stetit.
1186 2289 1426 2328 Nabarzanes

251 2343 423 2393 equitatu
460 2343 633 2382 dextrum
662 2356 778 2380 cornu
805 2343 995 2390 tuebatur,
1029 2341 1166 2381 additis
1194 2343 1424 2381 funditorum

253 2397 604 2446 sagittariorumque
622 2396 755 2447 viginti
782 2397 858 2436 sere
877 2397 1050 2437 millibus.
1107 2396 1152 2435 In
1172 2395 1301 2434 eodem
1322 2396 1426 2447 Thy-
