1496 2671
161 197 212 233 54
499 196 547 234 (J.
576 196 730 235 JULII
760 196 1019 237 CAESARIS

161 315 347 341 summam
386 303 539 353 imperii
577 305 734 342 tenebat
770 318 901 343 earum
940 306 1111 343 omnium
1140 305 1355 351 civitatum,

160 369 245 404 quae
285 358 517 402 defecerant,
557 370 608 395 ex
671 359 812 407 quibus
859 360 1073 396 exercitum
1122 372 1356 408 magnasque

159 411 290 458 copias
327 413 521 460 coegerat.
579 412 712 460 Atque
750 413 811 449 his
848 414 981 462 paucis
1018 414 1155 450 diebus
1193 413 1356 450 Aulerci

159 462 402 502 Eburovices
432 465 685 514 Lexoviique,
726 473 860 503 senatu
894 479 963 503 suo
995 467 1211 512 interfecto,
1252 466 1356 515 quod

159 523 336 555 auctores
364 518 454 555 belli
485 531 567 556 esse
605 520 798 564 nolebant,
835 527 965 568 portas
998 520 1219 557 clauserunt
1238 532 1356 568 seque

159 583 248 607 cum
285 571 513 609 Viridovice
559 571 863 621 conjunxerunt;
908 585 1124 622 magnaque
1170 581 1357 622 praeterea

157 624 368 662 multitudo
405 626 575 673 undique
613 639 663 663 ex
703 625 834 663 Gallia
872 627 1110 674 perditorum
1155 627 1355 663 hominum

157 677 430 727 latronumque
458 686 729 724 convenerant,
760 692 860 727 quos
888 692 975 727 spes
1007 680 1204 728 praedandi
1232 681 1356 717 studi-

157 743 275 780 umqe
294 732 463 770 bellandi
496 734 544 770 ab
577 733 816 781 agricultura
844 738 881 770 et
901 733 1126 781 quotidiano
1145 733 1276 770 labore
1295 745 1356 771 re-

157 786 332 822 vocabat.
392 785 560 824 Sabinus
580 787 718 823 idoneo
747 787 926 823 omnibus
958 787 1074 823 rebus
1101 787 1185 824 loco
1218 787 1354 824 castris

158 850 241 875 sese
260 840 428 884 tenebat,
450 852 569 888 quum
579 839 792 876 Viridovix
808 847 943 877 contra
956 852 1044 876 eum
1057 841 1175 876 duum
1190 840 1356 876 millium

157 892 281 940 spatio
311 893 557 938 consedisset,
593 892 842 941 quotidieque
874 893 1070 941 productis
1103 893 1227 942 copiis
1257 906 1355 942 pug-

156 946 276 982 nandi
294 952 523 994 potestatem
555 945 716 990 faceret3
745 953 788 983 ut
821 946 903 994 jam
941 959 1016 984 non
1037 947 1160 984 solum
1180 947 1357 984 hostibus

155 998 198 1034 in
218 999 517 1037 contemtionem
540 999 708 1037 Sabinus
727 1000 890 1044 veniret,
912 1001 978 1037 sed
999 1001 1116 1038 etiam
1136 1007 1357 1038 nostrorum

155 1052 325 1089 militum
362 1053 523 1090 vocibus
572 1066 649 1090 non
699 1053 798 1090 nihil
845 1061 1086 1102 carperetur:
1131 1060 1357 1103 tantamque

157 1106 379 1154 opinionem
392 1107 543 1144 timoris
559 1107 733 1156 praebuit‚
756 1116 798 1144 ut
812 1107 895 1156 jam
909 1108 956 1145 ad
978 1108 1120 1145 vallum
1141 1114 1356 1145 castrorum

155 1159 289 1197 hostes
326 1159 505 1198 accedere
543 1161 741 1198 auderent.
817 1161 865 1198 Id
885 1160 930 1199 ea
962 1163 1010 1199 de
1043 1159 1158 1199 causa
1177 1161 1355 1205 faciebat,

156 1214 261 1262 quod
293 1226 382 1251 cum
413 1212 522 1251 tanta
556 1214 806 1252 multitudine
842 1216 1023 1260 hostium,
1059 1214 1274 1264 praesertim
1311 1226 1356 1251 eo

155 1267 329 1313 absente,
351 1267 418 1316 qui
448 1280 635 1305 summam
664 1268 817 1316 imperii
847 1275 1007 1313 teneret,
1038 1269 1113 1305 nisi
1142 1280 1252 1316 aequo
1272 1268 1356 1305 loco

156 1326 225 1358 aut
243 1322 535 1370 opportunitate
568 1319 697 1369 aliqua
727 1319 827 1367 data,
849 1322 977 1371 legato
997 1322 1258 1359 dimicandum
1279 1333 1356 1357 non

157 1374 423 1412 existimabat.

210 1427 375 1465 XVIII.
409 1426 495 1465 Hac
525 1426 752 1465 confirmat-52
785 1428 964 1476 opinione
994 1427 1154 1472 timoris,
1174 1427 1356 1465 idoneum

155 1481 348 1530 quendam
368 1482 562 1518 hominem
583 1488 620 1518 et
642 1482 823 1518 callidum
854 1482 1009 1531 delegit,
1032 1480 1190 1519 Gallum
1211 1493 1262 1518 ex
1282 1482 1353 1527 his,

155 1546 253 1583 quos
273 1535 411 1572 auxilii
439 1532 554 1571 causa
575 1547 703 1571 secum
723 1535 902 1572 habebat.
962 1535 1068 1572 Huic
1087 1535 1237 1584 magnis
1255 1546 1352 1584 prae-

154 1588 244 1625 miis
264 1588 688 1636 pollicitationibusque
716 1590 933 1637 persuadet,
955 1589 1014 1625 uti
1033 1589 1081 1626 ad
1100 1589 1231 1626 hostes
1250 1595 1356 1626 tran-

155 1647 250 1686 seat,
272 1647 310 1679 et
343 1642 437 1690 quid
470 1641 555 1679 fieri
585 1641 692 1687 velit,
713 1642 858 1679 edocet.
919 1641 997 1688 Qui
1017 1641 1084 1679 ubi
1103 1655 1173 1691 pro
1192 1640 1357 1691 perfuga

155 1695 204 1732 ad
223 1707 287 1732 eos
326 1695 446 1740 venit,
477 1696 656 1732 timorem
694 1695 958 1732 Romanorum
986 1696 1183 1744 proponit:
1212 1695 1355 1743 quibus

156 1748 347 1798 angustiis
366 1749 450 1797 ipse
471 1747 601 1786 Caesar
621 1761 643 1785 a
671 1748 836 1786 Venetis
856 1755 1065 1798 prematur,
1085 1749 1211 1786 docet:
1231 1760 1356 1796 neque

155 1801 308 1851 longius
339 1803 482 1847 abesse,
512 1802 606 1851 quin
638 1800 820 1851 proxima
853 1808 965 1839 nocte
1001 1801 1168 1840 Sabinus
1187 1802 1286 1839 clam
1305 1814 1355 1839 ex

156 1856 293 1893 castris
312 1856 527 1893 exercitum
547 1856 686 1893 educat
705 1861 742 1893 et
762 1857 809 1892 ad
840 1855 1029 1894 Caesarem
1049 1855 1186 1893 auxilii
1205 1855 1355 1892 ferendi

154 1911 270 1946 causa
284 1910 565 1958 proficiscatur.
625 1908 737 1955 Quod
753 1910 820 1946 ubi
841 1910 1015 1946 auditum
1031 1914 1100 1954 est,
1114 1908 1356 1946 conclamant

155 1975 288 2000 omnes
318 1964 557 2000 occasionem
591 1963 737 2012 negotii
775 1965 873 2000 bene
905 1963 1066 2012 gerendi
1103 1962 1356 2000 amittendam

154 2028 233 2053 non
263 2029 358 2062 esse,
394 2017 442 2054 ad
480 2022 606 2054 castra
635 2017 684 2053 iri
722 2022 913 2064 oportere.
971 2015 1108 2052 Multae
1127 2028 1189 2053 res
1215 2015 1263 2052 ad
1282 2016 1355 2053 hoc

155 2069 359 2107 consilium
413 2069 546 2107 Gallos
597 2070 867 2107 hortabantur:
915 2069 1157 2118 superiorum
1204 2069 1355 2106 dierum

158 2122 294 2160 Sabini
307 2125 514 2168 cunctatio,
527 2122 699 2172 perfugae
714 2123 966 2168 confirmatio,
979 2123 1108 2170 inopia
1120 2122 1356 2160 cibariorum

155 2176 219 2212 cui
254 2177 311 2213 rei
349 2189 487 2225 parum
524 2177 731 2225 diligenter
767 2178 815 2213 ab
843 2176 892 2212 iis
921 2182 1003 2213 erat
1033 2176 1244 2223 provisum,
1266 2188 1371 2225 spes.

154 2229 338 2267 Venetici
358 2230 463 2275 belli,
484 2237 521 2267 et
555 2230 658 2279 quod
677 2229 759 2267 fere
791 2230 957 2266 libenter
983 2229 1158 2266 homines
1177 2229 1229 2273 id,
1249 2229 1354 2278 quod

155 2284 302 2327 volunt,
324 2284 497 2320 credunt.
556 2283 631 2320 His
645 2284 760 2320 rebus
779 2283 946 2327 adducti,
968 2295 1044 2319 non
1065 2283 1173 2331 prius
1193 2282 1354 2320 Virido-

154 2337 281 2373 vicem
301 2337 546 2385 reliquosque
577 2337 693 2373 duces
726 2349 776 2373 ex
806 2337 967 2373 concilio
995 2337 1207 2380 dimittunt,
1238 2348 1353 2384 quam

155 2391 203 2426 ab
223 2390 283 2427 his
322 2390 372 2427 sit
404 2402 636 2434 concessum,
671 2402 778 2428 arma
813 2390 870 2427 uti
904 2390 1059 2439 capiant
1094 2395 1133 2426 et
1163 2389 1210 2426 ad
1227 2395 1352 2426 castra

154 2443 401 2482 contendant.
461 2441 548 2489 Qua
577 2456 618 2481 re
644 2441 836 2489 concessa,
870 2444 961 2489 laeti,
984 2450 1027 2480 ut
1046 2439 1249 2491 explorata
1268 2442 1350 2479 vic-
