<?xml version="1.0" encoding="UTF-8"?>
<!DOCTYPE html PUBLIC "-//W3C//DTD XHTML 1.0 Transitional//EN"
    "http://www.w3.org/TR/xhtml1/DTD/xhtml1-transitional.dtd">
<html xmlns="http://www.w3.org/1999/xhtml" xml:lang="en" lang="en">
 <head>
  <title>
</title>
<meta http-equiv="Content-Type" content="text/html;charset=utf-8" />
  <meta name='ocr-system' content='tesseract 3.04.00' />
  <meta name='ocr-capabilities' content='ocr_page ocr_carea ocr_par ocr_line ocrx_word'/>
</head>
<body>
  <div class='ocr_page' id='page_1' title='image "./curriculumlatinu01mont_0321.png"; bbox 0 0 1496 2671; ppageno 0'>
   <div class='ocr_carea' id='block_1_1' title="bbox 452 147 1271 188">
    <p class='ocr_par' dir='ltr' id='par_1_1' title="bbox 452 147 1271 188">
     <span class='ocr_line' id='line_1_1' title="bbox 452 147 1271 188; baseline -0.001 -2"><span class='ocrx_word' id='word_1_1' title='bbox 452 148 743 188; x_wconf 82' lang='lat' dir='ltr'><strong>AGRICOLAE</strong></span> <span class='ocrx_word' id='word_1_2' title='bbox 776 148 920 186; x_wconf 78' lang='lat' dir='ltr'>VITA.</span> <span class='ocrx_word' id='word_1_3' title='bbox 1223 147 1271 186; x_wconf 75' lang='lat'>19</span> 
     </span>
    </p>
   </div>
   <div class='ocr_carea' id='block_1_2' title="bbox 85 253 1279 2444">
    <p class='ocr_par' dir='ltr' id='par_1_2' title="bbox 86 253 1279 1481">
     <span class='ocr_line' id='line_1_2' title="bbox 97 253 1271 304; baseline -0.007 -7"><span class='ocrx_word' id='word_1_4' title='bbox 97 263 193 297; x_wconf 86' lang='lat' dir='ltr'>tram</span> <span class='ocrx_word' id='word_1_5' title='bbox 212 257 372 300; x_wconf 86' lang='lat' dir='ltr'>intueor,</span> <span class='ocrx_word' id='word_1_6' title='bbox 393 267 553 304; x_wconf 87' lang='lat' dir='ltr'>magnus</span> <span class='ocrx_word' id='word_1_7' title='bbox 572 256 664 293; x_wconf 85' lang='lat' dir='ltr'>mihi</span> <span class='ocrx_word' id='word_1_8' title='bbox 679 256 824 293; x_wconf 85' lang='lat' dir='ltr'>animus</span> <span class='ocrx_word' id='word_1_9' title='bbox 840 259 907 301; x_wconf 86' lang='lat' dir='ltr'>est,</span> <span class='ocrx_word' id='word_1_10' title='bbox 921 253 1145 291; x_wconf 87' lang='lat' dir='ltr'>hodiernum</span> <span class='ocrx_word' id='word_1_11' title='bbox 1160 253 1271 299; x_wconf 85' lang='lat' dir='ltr'>diem,</span> 
     </span>
     <span class='ocr_line' id='line_1_3' title="bbox 96 307 1272 356; baseline -0.005 -7"><span class='ocrx_word' id='word_1_12' title='bbox 96 319 388 356; x_wconf 84' lang='lat' dir='ltr'>consensumque</span> <span class='ocrx_word' id='word_1_13' title='bbox 406 313 584 356; x_wconf 83' lang='lat' dir='ltr'>vestrum,</span> <span class='ocrx_word' id='word_1_14' title='bbox 605 309 751 347; x_wconf 87' lang='lat' dir='ltr'>initium</span> <span class='ocrx_word' id='word_1_15' title='bbox 779 308 964 346; x_wconf 77' lang='lat' dir='ltr'><strong>libertatis</strong></span> <span class='ocrx_word' id='word_1_16' title='bbox 983 307 1099 345; x_wconf 89' lang='lat' dir='ltr'>totius</span> <span class='ocrx_word' id='word_1_17' title='bbox 1120 307 1272 345; x_wconf 78' lang='lat' dir='ltr'>Britan-</span> 
     </span>
     <span class='ocr_line' id='line_1_4' title="bbox 94 361 1271 411; baseline -0.004 -9"><span class='ocrx_word' id='word_1_18' title='bbox 94 365 166 402; x_wconf 89' lang='lat' dir='ltr'>niae</span> <span class='ocrx_word' id='word_1_19' title='bbox 185 364 273 401; x_wconf 88' lang='lat' dir='ltr'>fore.</span> <span class='ocrx_word' id='word_1_20' title='bbox 330 361 429 398; x_wconf 87' lang='lat' dir='ltr'>Nam</span> <span class='ocrx_word' id='word_1_21' title='bbox 449 366 487 399; x_wconf 89' lang='lat' dir='ltr'>et</span> <span class='ocrx_word' id='word_1_22' title='bbox 505 363 669 405; x_wconf 85' lang='lat' dir='ltr'>universi</span> <span class='ocrx_word' id='word_1_23' title='bbox 689 362 878 401; x_wconf 84' lang='lat' dir='ltr'>servitutis</span> <span class='ocrx_word' id='word_1_24' title='bbox 898 365 1084 411; x_wconf 80' lang='lat' dir='ltr'>experteS‚</span> <span class='ocrx_word' id='word_1_25' title='bbox 1105 365 1143 399; x_wconf 87' lang='lat' dir='ltr'>et</span> <span class='ocrx_word' id='word_1_26' title='bbox 1158 361 1271 398; x_wconf 83' lang='lat' dir='ltr'>nullae</span> 
     </span>
     <span class='ocr_line' id='line_1_5' title="bbox 94 414 1275 465; baseline -0.003 -10"><span class='ocrx_word' id='word_1_27' title='bbox 94 417 205 456; x_wconf 87' lang='lat' dir='ltr'>ultra·</span> <span class='ocrx_word' id='word_1_28' title='bbox 227 420 349 461; x_wconf 72' lang='lat' dir='ltr'>terrae,</span> <span class='ocrx_word' id='word_1_29' title='bbox 381 427 423 452; x_wconf 85' lang='lat' dir='ltr'>ac</span> <span class='ocrx_word' id='word_1_30' title='bbox 459 428 506 453; x_wconf 88' lang='lat' dir='ltr'>ne</span> <span class='ocrx_word' id='word_1_31' title='bbox 533 428 635 454; x_wconf 89' lang='lat' dir='ltr'>mare</span> <span class='ocrx_word' id='word_1_32' title='bbox 663 416 814 465; x_wconf 87' lang='lat' dir='ltr'>quidem</span> <span class='ocrx_word' id='word_1_33' title='bbox 842 427 1025 460; x_wconf 85' lang='lat' dir='ltr'>securum,</span> <span class='ocrx_word' id='word_1_34' title='bbox 1054 414 1275 452; x_wconf 80' lang='lat' dir='ltr'>imminente</span> 
     </span>
     <span class='ocr_line' id='line_1_6' title="bbox 93 467 1275 518; baseline -0.002 -11"><span class='ocrx_word' id='word_1_35' title='bbox 93 470 200 508; x_wconf 89' lang='lat' dir='ltr'>nobis</span> <span class='ocrx_word' id='word_1_36' title='bbox 218 469 334 506; x_wconf 85' lang='lat' dir='ltr'>classe</span> <span class='ocrx_word' id='word_1_37' title='bbox 353 467 547 507; x_wconf 81' lang='lat' dir='ltr'>Romana:</span> <span class='ocrx_word' id='word_1_38' title='bbox 578 470 631 507; x_wconf 86' lang='lat' dir='ltr'>ita</span> <span class='ocrx_word' id='word_1_39' title='bbox 649 469 819 518; x_wconf 88' lang='lat' dir='ltr'>proelium</span> <span class='ocrx_word' id='word_1_40' title='bbox 839 474 950 516; x_wconf 88' lang='lat' dir='ltr'>atque</span> <span class='ocrx_word' id='word_1_41' title='bbox 970 481 1084 513; x_wconf 85' lang='lat' dir='ltr'>arma,</span> <span class='ocrx_word' id='word_1_42' title='bbox 1103 481 1184 517; x_wconf 83' lang='lat' dir='ltr'>quae</span> <span class='ocrx_word' id='word_1_43' title='bbox 1201 468 1275 505; x_wconf 86' lang='lat' dir='ltr'>for-</span> 
     </span>
     <span class='ocr_line' id='line_1_7' title="bbox 92 521 1275 570; baseline -0.001 -9"><span class='ocrx_word' id='word_1_44' title='bbox 92 523 191 561; x_wconf 84' lang='lat' dir='ltr'>tibus</span> <span class='ocrx_word' id='word_1_45' title='bbox 235 522 403 569; x_wconf 83' lang='lat' dir='ltr'>honesta,</span> <span class='ocrx_word' id='word_1_46' title='bbox 450 523 579 560; x_wconf 86' lang='lat' dir='ltr'>eadem</span> <span class='ocrx_word' id='word_1_47' title='bbox 617 523 729 561; x_wconf 86' lang='lat' dir='ltr'>etiam</span> <span class='ocrx_word' id='word_1_48' title='bbox 772 523 918 570; x_wconf 83' lang='lat' dir='ltr'>ignavis</span> <span class='ocrx_word' id='word_1_49' title='bbox 953 521 1138 560; x_wconf 85' lang='lat' dir='ltr'>tutissima</span> <span class='ocrx_word' id='word_1_50' title='bbox 1176 528 1275 560; x_wconf 87' lang='lat' dir='ltr'>sunt.</span> 
     </span>
     <span class='ocr_line' id='line_1_8' title="bbox 95 575 1277 627; baseline -0.002 -14"><span class='ocrx_word' id='word_1_51' title='bbox 95 576 243 614; x_wconf 82' lang='lat' dir='ltr'>Priores</span> <span class='ocrx_word' id='word_1_52' title='bbox 262 588 413 625; x_wconf 60' lang='lat' dir='ltr'>pugnae,</span> <span class='ocrx_word' id='word_1_53' title='bbox 433 577 566 624; x_wconf 89' lang='lat' dir='ltr'>quibus</span> <span class='ocrx_word' id='word_1_54' title='bbox 586 576 762 613; x_wconf 87' lang='lat' dir='ltr'>adversus</span> <span class='ocrx_word' id='word_1_55' title='bbox 783 576 977 612; x_wconf 85' lang='lat' dir='ltr'>Romanos</span> <span class='ocrx_word' id='word_1_56' title='bbox 997 575 1098 627; x_wconf 82' lang='lat' dir='ltr'>yaria</span> <span class='ocrx_word' id='word_1_57' title='bbox 1125 575 1277 613; x_wconf 81' lang='lat' dir='ltr'>fortuna</span> 
     </span>
     <span class='ocr_line' id='line_1_9' title="bbox 93 628 1277 678; baseline -0.002 -11"><span class='ocrx_word' id='word_1_58' title='bbox 93 634 279 668; x_wconf 88' lang='lat' dir='ltr'>certatum</span> <span class='ocrx_word' id='word_1_59' title='bbox 299 633 366 674; x_wconf 82' lang='lat' dir='ltr'>est,</span> <span class='ocrx_word' id='word_1_60' title='bbox 387 642 488 678; x_wconf 87' lang='lat' dir='ltr'>spem</span> <span class='ocrx_word' id='word_1_61' title='bbox 517 643 560 667; x_wconf 88' lang='lat' dir='ltr'>ac</span> <span class='ocrx_word' id='word_1_62' title='bbox 579 629 785 667; x_wconf 86' lang='lat' dir='ltr'>subsidium</span> <span class='ocrx_word' id='word_1_63' title='bbox 805 629 846 665; x_wconf 91' lang='lat' dir='ltr'>in</span> <span class='ocrx_word' id='word_1_64' title='bbox 864 628 1002 666; x_wconf 86' lang='lat' dir='ltr'>nostris</span> <span class='ocrx_word' id='word_1_65' title='bbox 1021 629 1192 666; x_wconf 85' lang='lat' dir='ltr'>manibus</span> <span class='ocrx_word' id='word_1_66' title='bbox 1212 629 1277 665; x_wconf 86' lang='lat' dir='ltr'>ha-</span> 
     </span>
     <span class='ocr_line' id='line_1_10' title="bbox 95 682 1278 731; baseline -0.002 -11"><span class='ocrx_word' id='word_1_67' title='bbox 95 683 258 721; x_wconf 89' lang='lat' dir='ltr'>bebant:</span> <span class='ocrx_word' id='word_1_68' title='bbox 281 683 367 730; x_wconf 81' lang='lat' dir='ltr'>quja</span> <span class='ocrx_word' id='word_1_69' title='bbox 385 683 606 721; x_wconf 89' lang='lat' dir='ltr'>nobilissimi</span> <span class='ocrx_word' id='word_1_70' title='bbox 626 683 741 721; x_wconf 84' lang='lat' dir='ltr'>totius</span> <span class='ocrx_word' id='word_1_71' title='bbox 761 682 982 727; x_wconf 59' lang='lat' dir='ltr'>Britannias,</span> <span class='ocrx_word' id='word_1_72' title='bbox 997 694 1112 729; x_wconf 87' lang='lat' dir='ltr'>eoque</span> <span class='ocrx_word' id='word_1_73' title='bbox 1130 682 1170 718; x_wconf 89' lang='lat' dir='ltr'>in</span> <span class='ocrx_word' id='word_1_74' title='bbox 1190 682 1278 731; x_wconf 88' lang='lat' dir='ltr'>ipsis</span> 
     </span>
     <span class='ocr_line' id='line_1_11' title="bbox 93 735 1278 787; baseline -0.002 -13"><span class='ocrx_word' id='word_1_75' title='bbox 93 736 346 787; x_wconf 73' lang='lat' dir='ltr'>penetralibus</span> <span class='ocrx_word' id='word_1_76' title='bbox 365 737 438 782; x_wconf 89' lang='lat' dir='ltr'>siti,</span> <span class='ocrx_word' id='word_1_77' title='bbox 452 749 521 774; x_wconf 87' lang='lat' dir='ltr'>nec</span> <span class='ocrx_word' id='word_1_78' title='bbox 536 736 778 774; x_wconf 88' lang='lat' dir='ltr'>servientium</span> <span class='ocrx_word' id='word_1_79' title='bbox 792 736 904 774; x_wconf 89' lang='lat' dir='ltr'>litora</span> <span class='ocrx_word' id='word_1_80' title='bbox 916 735 1278 784; x_wconf 86' lang='lat' dir='ltr'>aspicientes‚ooulos</span> 
     </span>
     <span class='ocr_line' id='line_1_12' title="bbox 92 788 1276 839; baseline 0 -12"><span class='ocrx_word' id='word_1_81' title='bbox 92 802 242 839; x_wconf 88' lang='lat' dir='ltr'>quoque</span> <span class='ocrx_word' id='word_1_82' title='bbox 270 803 291 827; x_wconf 86' lang='lat' dir='ltr'>a</span> <span class='ocrx_word' id='word_1_83' title='bbox 316 794 493 828; x_wconf 84' lang='lat' dir='ltr'>contactu</span> <span class='ocrx_word' id='word_1_84' title='bbox 522 790 789 828; x_wconf 88' lang='lat' dir='ltr'>dominationis</span> <span class='ocrx_word' id='word_1_85' title='bbox 808 789 1007 827; x_wconf 84' lang='lat' dir='ltr'>inviolatos</span> <span class='ocrx_word' id='word_1_86' title='bbox 1034 788 1276 827; x_wconf 85' lang='lat' dir='ltr'>habebamus.</span> 
     </span>
     <span class='ocr_line' id='line_1_13' title="bbox 89 841 1278 891; baseline -0.002 -10"><span class='ocrx_word' id='word_1_87' title='bbox 89 844 184 889; x_wconf 86' lang='lat' dir='ltr'>Nos,</span> <span class='ocrx_word' id='word_1_88' title='bbox 211 848 397 881; x_wconf 81' lang='lat' dir='ltr'>terrarum</span> <span class='ocrx_word' id='word_1_89' title='bbox 425 856 468 881; x_wconf 85' lang='lat' dir='ltr'>ae</span> <span class='ocrx_word' id='word_1_90' title='bbox 492 844 679 881; x_wconf 79' lang='lat' dir='ltr'>libertatis</span> <span class='ocrx_word' id='word_1_91' title='bbox 708 847 906 887; x_wconf 84' lang='lat' dir='ltr'>extremos,</span> <span class='ocrx_word' id='word_1_92' title='bbox 936 854 1101 879; x_wconf 83' lang='lat' dir='ltr'>recessus</span> <span class='ocrx_word' id='word_1_93' title='bbox 1128 841 1207 891; x_wconf 88' lang='lat' dir='ltr'>ipse</span> <span class='ocrx_word' id='word_1_94' title='bbox 1236 855 1278 879; x_wconf 85' lang='lat' dir='ltr'>ae</span> 
     </span>
     <span class='ocr_line' id='line_1_14' title="bbox 86 895 1277 935; baseline -0.001 -1"><span class='ocrx_word' id='word_1_95' title='bbox 86 897 189 934; x_wconf 79' lang='lat' dir='ltr'>sinus</span> <span class='ocrx_word' id='word_1_96' title='bbox 235 897 345 934; x_wconf 82' lang='lat' dir='ltr'>famae</span> <span class='ocrx_word' id='word_1_97' title='bbox 379 896 419 934; x_wconf 88' lang='lat' dir='ltr'>in</span> <span class='ocrx_word' id='word_1_98' title='bbox 456 896 558 934; x_wconf 86' lang='lat' dir='ltr'>hune</span> <span class='ocrx_word' id='word_1_99' title='bbox 591 897 690 934; x_wconf 89' lang='lat' dir='ltr'>diem</span> <span class='ocrx_word' id='word_1_100' title='bbox 719 897 889 935; x_wconf 77' lang='lat' dir='ltr'>defendit</span> <span class='ocrx_word' id='word_1_101' title='bbox 908 909 916 933; x_wconf 86' lang='lat'>:</span> <span class='ocrx_word' id='word_1_102' title='bbox 956 908 1057 932; x_wconf 89' lang='lat' dir='ltr'>nunc</span> <span class='ocrx_word' id='word_1_103' title='bbox 1094 895 1277 933; x_wconf 87' lang='lat' dir='ltr'>terminus</span> 
     </span>
     <span class='ocr_line' id='line_1_15' title="bbox 89 949 1276 999; baseline 0 -12"><span class='ocrx_word' id='word_1_104' title='bbox 89 950 297 988; x_wconf 76' lang='lat' dir='ltr'>Britanniae</span> <span class='ocrx_word' id='word_1_105' title='bbox 314 954 419 999; x_wconf 88' lang='lat' dir='ltr'>patet</span> <span class='ocrx_word' id='word_1_106' title='bbox 435 964 443 988; x_wconf 90' lang='lat'>:</span> <span class='ocrx_word' id='word_1_107' title='bbox 466 954 577 999; x_wconf 89' lang='lat' dir='ltr'>atque</span> <span class='ocrx_word' id='word_1_108' title='bbox 585 963 695 988; x_wconf 88' lang='lat' dir='ltr'>omne</span> <span class='ocrx_word' id='word_1_109' title='bbox 709 950 882 999; x_wconf 80' lang='lat' dir='ltr'>ignotum</span> <span class='ocrx_word' id='word_1_110' title='bbox 902 962 971 999; x_wconf 86' lang='lat' dir='ltr'>pro</span> <span class='ocrx_word' id='word_1_111' title='bbox 990 949 1189 998; x_wconf 84' lang='lat' dir='ltr'>magnifico</span> <span class='ocrx_word' id='word_1_112' title='bbox 1209 957 1276 988; x_wconf 85' lang='lat' dir='ltr'>est.</span> 
     </span>
     <span class='ocr_line' id='line_1_16' title="bbox 92 1003 1278 1053; baseline 0 -12"><span class='ocrx_word' id='word_1_113' title='bbox 92 1003 167 1041; x_wconf 88' lang='lat' dir='ltr'>Sed</span> <span class='ocrx_word' id='word_1_114' title='bbox 186 1003 290 1041; x_wconf 87' lang='lat' dir='ltr'>nulla</span> <span class='ocrx_word' id='word_1_115' title='bbox 310 1004 392 1052; x_wconf 87' lang='lat' dir='ltr'>jam</span> <span class='ocrx_word' id='word_1_116' title='bbox 421 1004 521 1042; x_wconf 86' lang='lat' dir='ltr'>ultra</span> <span class='ocrx_word' id='word_1_117' title='bbox 548 1017 653 1053; x_wconf 85' lang='lat' dir='ltr'>gens,</span> <span class='ocrx_word' id='word_1_118' title='bbox 683 1004 778 1040; x_wconf 88' lang='lat' dir='ltr'>nihil</span> <span class='ocrx_word' id='word_1_119' title='bbox 797 1004 868 1040; x_wconf 90' lang='lat' dir='ltr'>nisi</span> <span class='ocrx_word' id='word_1_120' title='bbox 896 1004 1031 1041; x_wconf 86' lang='lat' dir='ltr'>fluctus</span> <span class='ocrx_word' id='word_1_121' title='bbox 1051 1007 1089 1041; x_wconf 90' lang='lat' dir='ltr'>et</span> <span class='ocrx_word' id='word_1_122' title='bbox 1109 1015 1209 1047; x_wconf 81' lang='lat' dir='ltr'>saxa,</span> <span class='ocrx_word' id='word_1_123' title='bbox 1240 1009 1278 1041; x_wconf 86' lang='lat' dir='ltr'>et</span> 
     </span>
     <span class='ocr_line' id='line_1_17' title="bbox 88 1056 1278 1107; baseline 0.001 -14"><span class='ocrx_word' id='word_1_124' title='bbox 88 1057 298 1095; x_wconf 78' lang='lat' dir='ltr'>infestiores</span> <span class='ocrx_word' id='word_1_125' title='bbox 312 1057 498 1095; x_wconf 89' lang='lat' dir='ltr'>Romani:</span> <span class='ocrx_word' id='word_1_126' title='bbox 521 1070 679 1106; x_wconf 89' lang='lat' dir='ltr'>quorum</span> <span class='ocrx_word' id='word_1_127' title='bbox 699 1057 909 1107; x_wconf 83' lang='lat' dir='ltr'>superbiam</span> <span class='ocrx_word' id='word_1_128' title='bbox 927 1057 1066 1094; x_wconf 87' lang='lat' dir='ltr'>frustra</span> <span class='ocrx_word' id='word_1_129' title='bbox 1084 1068 1152 1105; x_wconf 86' lang='lat' dir='ltr'>per</span> <span class='ocrx_word' id='word_1_130' title='bbox 1170 1056 1278 1094; x_wconf 88' lang='lat' dir='ltr'>obse-</span> 
     </span>
     <span class='ocr_line' id='line_1_18' title="bbox 90 1110 1277 1160; baseline 0 -14"><span class='ocrx_word' id='word_1_131' title='bbox 90 1111 217 1158; x_wconf 87' lang='lat' dir='ltr'>quium</span> <span class='ocrx_word' id='word_1_132' title='bbox 236 1115 274 1148; x_wconf 89' lang='lat' dir='ltr'>et</span> <span class='ocrx_word' id='word_1_133' title='bbox 293 1111 515 1149; x_wconf 88' lang='lat' dir='ltr'>modestiam</span> <span class='ocrx_word' id='word_1_134' title='bbox 530 1111 704 1160; x_wconf 84' lang='lat' dir='ltr'>effugeris</span> <span class='ocrx_word' id='word_1_135' title='bbox 721 1125 728 1148; x_wconf 89' lang='lat'>:</span> <span class='ocrx_word' id='word_1_136' title='bbox 759 1116 928 1160; x_wconf 86' lang='lat' dir='ltr'>raptores</span> <span class='ocrx_word' id='word_1_137' title='bbox 947 1110 1059 1155; x_wconf 86' lang='lat' dir='ltr'>orbis,</span> <span class='ocrx_word' id='word_1_138' title='bbox 1080 1113 1277 1159; x_wconf 85' lang='lat' dir='ltr'>postquam</span> 
     </span>
     <span class='ocr_line' id='line_1_19' title="bbox 90 1164 1279 1210; baseline -0.001 -9"><span class='ocrx_word' id='word_1_139' title='bbox 90 1168 226 1202; x_wconf 89' lang='lat' dir='ltr'>cuncta</span> <span class='ocrx_word' id='word_1_140' title='bbox 244 1165 478 1203; x_wconf 84' lang='lat' dir='ltr'>vastantibus</span> <span class='ocrx_word' id='word_1_141' title='bbox 498 1164 649 1202; x_wconf 88' lang='lat' dir='ltr'>defuere</span> <span class='ocrx_word' id='word_1_142' title='bbox 669 1169 790 1210; x_wconf 77' lang='lat' dir='ltr'>terrae,</span> <span class='ocrx_word' id='word_1_143' title='bbox 808 1169 846 1202; x_wconf 89' lang='lat' dir='ltr'>et</span> <span class='ocrx_word' id='word_1_144' title='bbox 866 1177 967 1201; x_wconf 87' lang='lat' dir='ltr'>mare</span> <span class='ocrx_word' id='word_1_145' title='bbox 987 1168 1201 1201; x_wconf 87' lang='lat' dir='ltr'>scrutantur</span> <span class='ocrx_word' id='word_1_146' title='bbox 1218 1177 1226 1207; x_wconf 90' lang='lat'>;</span> <span class='ocrx_word' id='word_1_147' title='bbox 1249 1164 1279 1200; x_wconf 89' lang='lat' dir='ltr'>si</span> 
     </span>
     <span class='ocr_line' id='line_1_20' title="bbox 88 1217 1278 1267; baseline -0.001 -13"><span class='ocrx_word' id='word_1_148' title='bbox 88 1217 254 1266; x_wconf 88' lang='lat' dir='ltr'>locuples</span> <span class='ocrx_word' id='word_1_149' title='bbox 267 1217 385 1255; x_wconf 88' lang='lat' dir='ltr'>hostis</span> <span class='ocrx_word' id='word_1_150' title='bbox 404 1222 472 1263; x_wconf 85' lang='lat' dir='ltr'>est,</span> <span class='ocrx_word' id='word_1_151' title='bbox 489 1218 591 1254; x_wconf 83' lang='lat' dir='ltr'>avari</span> <span class='ocrx_word' id='word_1_152' title='bbox 608 1231 615 1255; x_wconf 91' lang='lat'>:</span> <span class='ocrx_word' id='word_1_153' title='bbox 639 1218 668 1255; x_wconf 91' lang='lat' dir='ltr'>si</span> <span class='ocrx_word' id='word_1_154' title='bbox 688 1230 841 1267; x_wconf 83' lang='lat' dir='ltr'>pauper,</span> <span class='ocrx_word' id='word_1_155' title='bbox 863 1217 1072 1255; x_wconf 74' lang='lat' dir='ltr'>ambitiosi:</span> <span class='ocrx_word' id='word_1_156' title='bbox 1095 1229 1186 1264; x_wconf 86' lang='lat' dir='ltr'>quos</span> <span class='ocrx_word' id='word_1_157' title='bbox 1201 1229 1278 1254; x_wconf 89' lang='lat' dir='ltr'>non</span> 
     </span>
     <span class='ocr_line' id='line_1_21' title="bbox 90 1270 1278 1319; baseline 0.001 -12"><span class='ocrx_word' id='word_1_158' title='bbox 90 1270 237 1317; x_wconf 87' lang='lat' dir='ltr'>Oriens,</span> <span class='ocrx_word' id='word_1_159' title='bbox 253 1283 330 1308; x_wconf 90' lang='lat' dir='ltr'>non</span> <span class='ocrx_word' id='word_1_160' title='bbox 345 1271 532 1308; x_wconf 86' lang='lat' dir='ltr'>Occidens</span> <span class='ocrx_word' id='word_1_161' title='bbox 547 1271 738 1309; x_wconf 85' lang='lat' dir='ltr'>satiaverit</span> <span class='ocrx_word' id='word_1_162' title='bbox 755 1284 762 1307; x_wconf 91' lang='lat'><strong>:</strong></span> <span class='ocrx_word' id='word_1_163' title='bbox 781 1271 849 1308; x_wconf 86' lang='lat' dir='ltr'>soli</span> <span class='ocrx_word' id='word_1_164' title='bbox 869 1271 1038 1308; x_wconf 87' lang='lat' dir='ltr'>omnium</span> <span class='ocrx_word' id='word_1_165' title='bbox 1058 1282 1145 1319; x_wconf 90' lang='lat' dir='ltr'>opes</span> <span class='ocrx_word' id='word_1_166' title='bbox 1167 1275 1278 1319; x_wconf 85' lang='lat' dir='ltr'>atque</span> 
     </span>
     <span class='ocr_line' id='line_1_22' title="bbox 89 1323 1274 1374; baseline 0.001 -13"><span class='ocrx_word' id='word_1_167' title='bbox 89 1324 252 1373; x_wconf 88' lang='lat' dir='ltr'>inopiam</span> <span class='ocrx_word' id='word_1_168' title='bbox 278 1325 358 1373; x_wconf 88' lang='lat' dir='ltr'>pari</span> <span class='ocrx_word' id='word_1_169' title='bbox 391 1324 526 1362; x_wconf 81' lang='lat' dir='ltr'>affectu</span> <span class='ocrx_word' id='word_1_170' title='bbox 555 1324 853 1374; x_wconf 79' lang='lat' dir='ltr'>concupiscunt3</span> <span class='ocrx_word' id='word_1_171' title='bbox 884 1324 1041 1369; x_wconf 86' lang='lat' dir='ltr'>auferre,</span> <span class='ocrx_word' id='word_1_172' title='bbox 1071 1323 1274 1369; x_wconf 84' lang='lat' dir='ltr'>trucidare,</span> 
     </span>
     <span class='ocr_line' id='line_1_23' title="bbox 89 1376 1276 1428; baseline 0.001 -14"><span class='ocrx_word' id='word_1_173' title='bbox 89 1390 219 1427; x_wconf 83' lang='lat' dir='ltr'>rapere</span> <span class='ocrx_word' id='word_1_174' title='bbox 232 1376 333 1414; x_wconf 86' lang='lat' dir='ltr'>falsis</span> <span class='ocrx_word' id='word_1_175' title='bbox 352 1378 577 1423; x_wconf 84' lang='lat' dir='ltr'>nominibus,</span> <span class='ocrx_word' id='word_1_176' title='bbox 594 1379 815 1428; x_wconf 75' lang='lat' dir='ltr'>imperium5</span> <span class='ocrx_word' id='word_1_177' title='bbox 833 1382 945 1425; x_wconf 82' lang='lat' dir='ltr'>atque</span> <span class='ocrx_word' id='word_1_178' title='bbox 960 1377 1024 1414; x_wconf 85' lang='lat' dir='ltr'>ubi</span> <span class='ocrx_word' id='word_1_179' title='bbox 1037 1377 1276 1415; x_wconf 86' lang='lat' dir='ltr'>solitudinem</span> 
     </span>
     <span class='ocr_line' id='line_1_24' title="bbox 88 1429 631 1481; baseline 0 -14"><span class='ocrx_word' id='word_1_180' title='bbox 88 1430 241 1476; x_wconf 86' lang='lat' dir='ltr'>faciunt,</span> <span class='ocrx_word' id='word_1_181' title='bbox 255 1444 385 1481; x_wconf 76' lang='lat' dir='ltr'>pacem</span> <span class='ocrx_word' id='word_1_182' title='bbox 404 1429 631 1481; x_wconf 84' lang='lat' dir='ltr'>appellant.’&#39;</span> 
     </span>
    </p>

    <p class='ocr_par' dir='ltr' id='par_1_3' title="bbox 85 1484 1275 2444">
     <span class='ocr_line' id='line_1_25' title="bbox 142 1484 1275 1534; baseline 0.001 -12"><span class='ocrx_word' id='word_1_183' title='bbox 142 1484 287 1522; x_wconf 89' lang='lat' dir='ltr'>XXXI.</span> <span class='ocrx_word' id='word_1_184' title='bbox 320 1487 343 1505; x_wconf 72' lang='lat'>‘⁶</span> <span class='ocrx_word' id='word_1_185' title='bbox 359 1484 516 1522; x_wconf 87' lang='lat' dir='ltr'>Liberos</span> <span class='ocrx_word' id='word_1_186' title='bbox 545 1484 679 1533; x_wconf 86' lang='lat' dir='ltr'>cuique</span> <span class='ocrx_word' id='word_1_187' title='bbox 706 1496 749 1521; x_wconf 89' lang='lat' dir='ltr'>ac</span> <span class='ocrx_word' id='word_1_188' title='bbox 768 1484 996 1534; x_wconf 82' lang='lat' dir='ltr'>propinquos</span> <span class='ocrx_word' id='word_1_189' title='bbox 1025 1496 1111 1522; x_wconf 85' lang='lat' dir='ltr'>suos</span> <span class='ocrx_word' id='word_1_190' title='bbox 1139 1488 1275 1523; x_wconf 84' lang='lat' dir='ltr'>natura</span> 
     </span>
     <span class='ocr_line' id='line_1_26' title="bbox 88 1537 1274 1587; baseline 0.001 -12"><span class='ocrx_word' id='word_1_191' title='bbox 88 1539 294 1576; x_wconf 82' lang='lat' dir='ltr'>carissimos</span> <span class='ocrx_word' id='word_1_192' title='bbox 315 1551 394 1575; x_wconf 90' lang='lat' dir='ltr'>esse</span> <span class='ocrx_word' id='word_1_193' title='bbox 408 1538 549 1576; x_wconf 88' lang='lat' dir='ltr'>voluit:</span> <span class='ocrx_word' id='word_1_194' title='bbox 571 1538 609 1574; x_wconf 88' lang='lat' dir='ltr'>hi</span> <span class='ocrx_word' id='word_1_195' title='bbox 622 1550 687 1587; x_wconf 87' lang='lat' dir='ltr'>per</span> <span class='ocrx_word' id='word_1_196' title='bbox 700 1537 877 1582; x_wconf 86' lang='lat' dir='ltr'>delectus,</span> <span class='ocrx_word' id='word_1_197' title='bbox 895 1537 984 1574; x_wconf 86' lang='lat' dir='ltr'>alibi</span> <span class='ocrx_word' id='word_1_198' title='bbox 1002 1538 1187 1582; x_wconf 86' lang='lat' dir='ltr'>servituri,</span> <span class='ocrx_word' id='word_1_199' title='bbox 1210 1551 1274 1576; x_wconf 88' lang='lat' dir='ltr'>au-</span> 
     </span>
     <span class='ocr_line' id='line_1_27' title="bbox 88 1591 1273 1640; baseline 0.001 -12"><span class='ocrx_word' id='word_1_200' title='bbox 88 1592 290 1630; x_wconf 88' lang='lat' dir='ltr'>feruntur:</span> <span class='ocrx_word' id='word_1_201' title='bbox 321 1591 500 1640; x_wconf 84' lang='lat' dir='ltr'>conjuges</span> <span class='ocrx_word' id='word_1_202' title='bbox 529 1604 760 1640; x_wconf 83' lang='lat' dir='ltr'>sororesque,</span> <span class='ocrx_word' id='word_1_203' title='bbox 778 1592 847 1629; x_wconf 89' lang='lat' dir='ltr'>etsi</span> <span class='ocrx_word' id='word_1_204' title='bbox 875 1591 1048 1628; x_wconf 86' lang='lat' dir='ltr'>hostilem</span> <span class='ocrx_word' id='word_1_205' title='bbox 1077 1591 1273 1629; x_wconf 86' lang='lat' dir='ltr'>libidinem</span> 
     </span>
     <span class='ocr_line' id='line_1_28' title="bbox 88 1644 1272 1695; baseline 0.001 -13"><span class='ocrx_word' id='word_1_206' title='bbox 88 1645 282 1694; x_wconf 83' lang='lat' dir='ltr'>effugiant,</span> <span class='ocrx_word' id='word_1_207' title='bbox 302 1646 454 1683; x_wconf 89' lang='lat' dir='ltr'>nomine</span> <span class='ocrx_word' id='word_1_208' title='bbox 482 1647 684 1683; x_wconf 75' lang='lat' dir='ltr'>amicorum</span> <span class='ocrx_word' id='word_1_209' title='bbox 703 1651 813 1693; x_wconf 87' lang='lat' dir='ltr'>atque</span> <span class='ocrx_word' id='word_1_210' title='bbox 831 1645 1010 1695; x_wconf 72' lang='lat' dir='ltr'>hospitum</span> <span class='ocrx_word' id='word_1_211' title='bbox 1037 1644 1272 1693; x_wconf 85' lang='lat' dir='ltr'>polluuntur.</span> 
     </span>
     <span class='ocr_line' id='line_1_29' title="bbox 89 1698 1272 1748; baseline 0.001 -13"><span class='ocrx_word' id='word_1_212' title='bbox 89 1699 196 1736; x_wconf 85' lang='lat' dir='ltr'>Bona</span> <span class='ocrx_word' id='word_1_213' title='bbox 214 1699 457 1748; x_wconf 88' lang='lat' dir='ltr'>fortunasque</span> <span class='ocrx_word' id='word_1_214' title='bbox 476 1699 515 1737; x_wconf 87' lang='lat' dir='ltr'>in</span> <span class='ocrx_word' id='word_1_215' title='bbox 530 1699 715 1737; x_wconf 84' lang='lat' dir='ltr'>tributum</span> <span class='ocrx_word' id='word_1_216' title='bbox 732 1705 891 1747; x_wconf 81' lang='lat' dir='ltr'>egerunt</span> <span class='ocrx_word' id='word_1_217' title='bbox 909 1712 919 1744; x_wconf 88' lang='lat'>;</span> <span class='ocrx_word' id='word_1_218' title='bbox 935 1698 975 1735; x_wconf 89' lang='lat' dir='ltr'>in</span> <span class='ocrx_word' id='word_1_219' title='bbox 994 1710 1182 1736; x_wconf 87' lang='lat' dir='ltr'>annonam</span> <span class='ocrx_word' id='word_1_220' title='bbox 1196 1699 1272 1736; x_wconf 82' lang='lat' dir='ltr'>fru-</span> 
     </span>
     <span class='ocr_line' id='line_1_30' title="bbox 88 1751 1273 1802; baseline 0.001 -13"><span class='ocrx_word' id='word_1_221' title='bbox 88 1757 254 1794; x_wconf 86' lang='lat' dir='ltr'>mentum</span> <span class='ocrx_word' id='word_1_222' title='bbox 270 1766 278 1790; x_wconf 88' lang='lat'>:</span> <span class='ocrx_word' id='word_1_223' title='bbox 320 1765 476 1802; x_wconf 87' lang='lat' dir='ltr'>corpora</span> <span class='ocrx_word' id='word_1_224' title='bbox 502 1753 583 1802; x_wconf 86' lang='lat' dir='ltr'>ipsa</span> <span class='ocrx_word' id='word_1_225' title='bbox 611 1765 653 1790; x_wconf 89' lang='lat' dir='ltr'>ae</span> <span class='ocrx_word' id='word_1_226' title='bbox 683 1765 826 1798; x_wconf 82' lang='lat' dir='ltr'>manus,</span> <span class='ocrx_word' id='word_1_227' title='bbox 856 1752 957 1791; x_wconf 88' lang='lat' dir='ltr'>silvis</span> <span class='ocrx_word' id='word_1_228' title='bbox 994 1765 1037 1789; x_wconf 89' lang='lat' dir='ltr'>ac</span> <span class='ocrx_word' id='word_1_229' title='bbox 1074 1751 1273 1801; x_wconf 87' lang='lat' dir='ltr'>paludibus</span> 
     </span>
     <span class='ocr_line' id='line_1_31' title="bbox 85 1805 1272 1852; baseline -0.001 -9"><span class='ocrx_word' id='word_1_230' title='bbox 85 1806 331 1852; x_wconf 82' lang='lat' dir='ltr'>emuniendis,</span> <span class='ocrx_word' id='word_1_231' title='bbox 369 1806 469 1844; x_wconf 88' lang='lat' dir='ltr'>inter</span> <span class='ocrx_word' id='word_1_232' title='bbox 505 1806 661 1843; x_wconf 86' lang='lat' dir='ltr'>verbera</span> <span class='ocrx_word' id='word_1_233' title='bbox 689 1819 731 1843; x_wconf 88' lang='lat' dir='ltr'>ae</span> <span class='ocrx_word' id='word_1_234' title='bbox 764 1805 1018 1852; x_wconf 79' lang='lat' dir='ltr'>contumelias,</span> <span class='ocrx_word' id='word_1_235' title='bbox 1058 1810 1272 1844; x_wconf 84' lang='lat' dir='ltr'>conterunt.</span> 
     </span>
     <span class='ocr_line' id='line_1_32' title="bbox 88 1859 1273 1909; baseline 0.002 -14"><span class='ocrx_word' id='word_1_236' title='bbox 88 1859 189 1897; x_wconf 76' lang='lat' dir='ltr'>&#39;Nata</span> <span class='ocrx_word' id='word_1_237' title='bbox 216 1860 388 1898; x_wconf 86' lang='lat' dir='ltr'>servituti</span> <span class='ocrx_word' id='word_1_238' title='bbox 417 1860 601 1909; x_wconf 84' lang='lat' dir='ltr'>mancipia</span> <span class='ocrx_word' id='word_1_239' title='bbox 631 1860 746 1897; x_wconf 84' lang='lat' dir='ltr'>semel</span> <span class='ocrx_word' id='word_1_240' title='bbox 773 1864 950 1906; x_wconf 89' lang='lat' dir='ltr'>veneunt,</span> <span class='ocrx_word' id='word_1_241' title='bbox 981 1864 1094 1908; x_wconf 83' lang='lat' dir='ltr'>atque</span> <span class='ocrx_word' id='word_1_242' title='bbox 1122 1859 1222 1897; x_wconf 83' lang='lat' dir='ltr'>ultro</span> <span class='ocrx_word' id='word_1_243' title='bbox 1251 1872 1273 1897; x_wconf 89' lang='lat' dir='ltr'>a</span> 
     </span>
     <span class='ocr_line' id='line_1_33' title="bbox 90 1912 1273 1961; baseline 0.001 -13"><span class='ocrx_word' id='word_1_244' title='bbox 90 1912 249 1950; x_wconf 87' lang='lat' dir='ltr'>dominis</span> <span class='ocrx_word' id='word_1_245' title='bbox 277 1913 459 1952; x_wconf 87' lang='lat' dir='ltr'>aluntur:</span> <span class='ocrx_word' id='word_1_246' title='bbox 500 1913 698 1951; x_wconf 84' lang='lat' dir='ltr'>Britannia</span> <span class='ocrx_word' id='word_1_247' title='bbox 726 1913 943 1951; x_wconf 85' lang='lat' dir='ltr'>servitutem</span> <span class='ocrx_word' id='word_1_248' title='bbox 973 1925 1076 1950; x_wconf 87' lang='lat' dir='ltr'>suam</span> <span class='ocrx_word' id='word_1_249' title='bbox 1105 1913 1273 1961; x_wconf 81' lang='lat' dir='ltr'>quotidie</span> 
     </span>
     <span class='ocr_line' id='line_1_34' title="bbox 92 1966 1273 2017; baseline 0.002 -15"><span class='ocrx_word' id='word_1_250' title='bbox 92 1966 191 2011; x_wconf 85' lang='lat' dir='ltr'>emit,</span> <span class='ocrx_word' id='word_1_251' title='bbox 213 1967 380 2013; x_wconf 85' lang='lat' dir='ltr'>quotidie</span> <span class='ocrx_word' id='word_1_252' title='bbox 399 1967 530 2017; x_wconf 89' lang='lat' dir='ltr'>pascit.</span> <span class='ocrx_word' id='word_1_253' title='bbox 588 1967 646 2004; x_wconf 89' lang='lat' dir='ltr'>Ac</span> <span class='ocrx_word' id='word_1_254' title='bbox 666 1967 761 2005; x_wconf 89' lang='lat' dir='ltr'>sicut</span> <span class='ocrx_word' id='word_1_255' title='bbox 780 1967 820 2003; x_wconf 89' lang='lat' dir='ltr'>in</span> <span class='ocrx_word' id='word_1_256' title='bbox 839 1967 977 2004; x_wconf 83' lang='lat' dir='ltr'>familia</span> <span class='ocrx_word' id='word_1_257' title='bbox 996 1966 1273 2004; x_wconf 82' lang='lat' dir='ltr'>recentissimus</span> 
     </span>
     <span class='ocr_line' id='line_1_35' title="bbox 93 2019 1272 2067; baseline 0.003 -12"><span class='ocrx_word' id='word_1_258' title='bbox 93 2019 246 2067; x_wconf 85' lang='lat' dir='ltr'>quisque</span> <span class='ocrx_word' id='word_1_259' title='bbox 265 2032 455 2057; x_wconf 89' lang='lat' dir='ltr'>servorum</span> <span class='ocrx_word' id='word_1_260' title='bbox 475 2026 512 2058; x_wconf 91' lang='lat' dir='ltr'>et</span> <span class='ocrx_word' id='word_1_261' title='bbox 541 2021 728 2058; x_wconf 88' lang='lat' dir='ltr'>conservis</span> <span class='ocrx_word' id='word_1_262' title='bbox 755 2020 918 2057; x_wconf 88' lang='lat' dir='ltr'>ludibrio</span> <span class='ocrx_word' id='word_1_263' title='bbox 947 2025 1032 2065; x_wconf 86' lang='lat' dir='ltr'>est;</span> <span class='ocrx_word' id='word_1_264' title='bbox 1063 2020 1173 2057; x_wconf 85' lang='lat' dir='ltr'>sicin</span> <span class='ocrx_word' id='word_1_265' title='bbox 1201 2019 1272 2058; x_wconf 74' lang='lat' dir='ltr'>hoo</span> 
     </span>
     <span class='ocr_line' id='line_1_36' title="bbox 93 2072 1272 2120; baseline 0 -10"><span class='ocrx_word' id='word_1_266' title='bbox 93 2072 192 2110; x_wconf 87' lang='lat' dir='ltr'>orbis</span> <span class='ocrx_word' id='word_1_267' title='bbox 211 2077 393 2110; x_wconf 83' lang='lat' dir='ltr'>terrarum</span> <span class='ocrx_word' id='word_1_268' title='bbox 408 2079 533 2112; x_wconf 83' lang='lat' dir='ltr'>vetere</span> <span class='ocrx_word' id='word_1_269' title='bbox 548 2074 741 2120; x_wconf 86' lang='lat' dir='ltr'>famulatu,</span> <span class='ocrx_word' id='word_1_270' title='bbox 759 2074 847 2111; x_wconf 85' lang='lat' dir='ltr'>novi</span> <span class='ocrx_word' id='word_1_271' title='bbox 861 2087 930 2112; x_wconf 89' lang='lat' dir='ltr'>nos</span> <span class='ocrx_word' id='word_1_272' title='bbox 950 2078 987 2112; x_wconf 88' lang='lat' dir='ltr'>et</span> <span class='ocrx_word' id='word_1_273' title='bbox 1004 2073 1094 2111; x_wconf 86' lang='lat' dir='ltr'>viles</span> <span class='ocrx_word' id='word_1_274' title='bbox 1113 2073 1153 2110; x_wconf 88' lang='lat' dir='ltr'>in</span> <span class='ocrx_word' id='word_1_275' title='bbox 1174 2074 1272 2110; x_wconf 85' lang='lat' dir='ltr'>exci-</span> 
     </span>
     <span class='ocr_line' id='line_1_37' title="bbox 92 2126 1274 2177; baseline 0.002 -14"><span class='ocrx_word' id='word_1_276' title='bbox 92 2126 195 2163; x_wconf 87' lang='lat' dir='ltr'>dium</span> <span class='ocrx_word' id='word_1_277' title='bbox 214 2126 390 2175; x_wconf 88' lang='lat' dir='ltr'>petimur.</span> <span class='ocrx_word' id='word_1_278' title='bbox 444 2128 579 2177; x_wconf 91' lang='lat' dir='ltr'>Neque</span> <span class='ocrx_word' id='word_1_279' title='bbox 593 2128 690 2165; x_wconf 90' lang='lat' dir='ltr'>enim</span> <span class='ocrx_word' id='word_1_280' title='bbox 704 2140 792 2165; x_wconf 84' lang='lat' dir='ltr'>arva</span> <span class='ocrx_word' id='word_1_281' title='bbox 804 2128 923 2174; x_wconf 85' lang='lat' dir='ltr'>nobis,</span> <span class='ocrx_word' id='word_1_282' title='bbox 941 2132 1007 2166; x_wconf 86' lang='lat' dir='ltr'>aut</span> <span class='ocrx_word' id='word_1_283' title='bbox 1026 2127 1188 2173; x_wconf 86' lang='lat' dir='ltr'>metalla,</span> <span class='ocrx_word' id='word_1_284' title='bbox 1209 2133 1274 2165; x_wconf 80' lang='lat' dir='ltr'>aut</span> 
     </span>
     <span class='ocr_line' id='line_1_38' title="bbox 92 2180 1273 2230; baseline 0.002 -15"><span class='ocrx_word' id='word_1_285' title='bbox 92 2184 222 2229; x_wconf 89' lang='lat' dir='ltr'>portus</span> <span class='ocrx_word' id='word_1_286' title='bbox 242 2185 342 2226; x_wconf 85' lang='lat' dir='ltr'>sunt,</span> <span class='ocrx_word' id='word_1_287' title='bbox 357 2180 490 2228; x_wconf 89' lang='lat' dir='ltr'>quibus</span> <span class='ocrx_word' id='word_1_288' title='bbox 503 2181 718 2219; x_wconf 84' lang='lat' dir='ltr'>exercendis</span> <span class='ocrx_word' id='word_1_289' title='bbox 736 2194 977 2219; x_wconf 86' lang='lat' dir='ltr'>reservemur.</span> <span class='ocrx_word' id='word_1_290' title='bbox 1016 2181 1148 2218; x_wconf 85' lang='lat' dir='ltr'>Virtus</span> <span class='ocrx_word' id='word_1_291' title='bbox 1161 2193 1273 2230; x_wconf 84' lang='lat' dir='ltr'>porro</span> 
     </span>
     <span class='ocr_line' id='line_1_39' title="bbox 90 2233 1273 2284; baseline -0.001 -13"><span class='ocrx_word' id='word_1_292' title='bbox 90 2245 132 2271; x_wconf 86' lang='lat' dir='ltr'>ac</span> <span class='ocrx_word' id='word_1_293' title='bbox 151 2233 287 2271; x_wconf 85' lang='lat' dir='ltr'>ferocia</span> <span class='ocrx_word' id='word_1_294' title='bbox 307 2233 556 2282; x_wconf 85' lang='lat' dir='ltr'>subjectorum</span> <span class='ocrx_word' id='word_1_295' title='bbox 574 2235 723 2284; x_wconf 86' lang='lat' dir='ltr'>ingrata</span> <span class='ocrx_word' id='word_1_296' title='bbox 741 2235 1012 2284; x_wconf 84' lang='lat' dir='ltr'>imperantibus</span> <span class='ocrx_word' id='word_1_297' title='bbox 1029 2248 1036 2272; x_wconf 90' lang='lat'>:</span> <span class='ocrx_word' id='word_1_298' title='bbox 1068 2239 1105 2272; x_wconf 86' lang='lat' dir='ltr'>et</span> <span class='ocrx_word' id='word_1_299' title='bbox 1124 2233 1273 2282; x_wconf 72' lang='lat' dir='ltr'>longin-</span> 
     </span>
     <span class='ocr_line' id='line_1_40' title="bbox 92 2286 1275 2338; baseline 0 -15"><span class='ocrx_word' id='word_1_300' title='bbox 92 2286 215 2336; x_wconf 87' lang='lat' dir='ltr'>quitas</span> <span class='ocrx_word' id='word_1_301' title='bbox 230 2299 272 2324; x_wconf 86' lang='lat' dir='ltr'>ac</span> <span class='ocrx_word' id='word_1_302' title='bbox 293 2292 475 2325; x_wconf 86' lang='lat' dir='ltr'>secretum</span> <span class='ocrx_word' id='word_1_303' title='bbox 493 2287 624 2337; x_wconf 87' lang='lat' dir='ltr'>ipsum,</span> <span class='ocrx_word' id='word_1_304' title='bbox 644 2301 717 2336; x_wconf 90' lang='lat' dir='ltr'>quo</span> <span class='ocrx_word' id='word_1_305' title='bbox 732 2288 863 2335; x_wconf 84' lang='lat' dir='ltr'>tutius,</span> <span class='ocrx_word' id='word_1_306' title='bbox 884 2301 928 2326; x_wconf 92' lang='lat' dir='ltr'>eo</span> <span class='ocrx_word' id='word_1_307' title='bbox 947 2288 1167 2338; x_wconf 90' lang='lat' dir='ltr'>suspectius.</span> <span class='ocrx_word' id='word_1_308' title='bbox 1216 2287 1275 2325; x_wconf 79' lang='lat' dir='ltr'>Ita</span> 
     </span>
     <span class='ocr_line' id='line_1_41' title="bbox 94 2340 1275 2390; baseline 0 -13"><span class='ocrx_word' id='word_1_309' title='bbox 94 2340 240 2378; x_wconf 86' lang='lat' dir='ltr'>sublata</span> <span class='ocrx_word' id='word_1_310' title='bbox 259 2353 324 2390; x_wconf 91' lang='lat' dir='ltr'>spe</span> <span class='ocrx_word' id='word_1_311' title='bbox 343 2340 474 2387; x_wconf 82' lang='lat' dir='ltr'>veniae‚</span> <span class='ocrx_word' id='word_1_312' title='bbox 494 2341 647 2379; x_wconf 87' lang='lat' dir='ltr'>tandem</span> <span class='ocrx_word' id='word_1_313' title='bbox 675 2343 809 2380; x_wconf 88' lang='lat' dir='ltr'>sumite</span> <span class='ocrx_word' id='word_1_314' title='bbox 829 2342 1007 2389; x_wconf 88' lang='lat' dir='ltr'>animum,</span> <span class='ocrx_word' id='word_1_315' title='bbox 1035 2347 1111 2379; x_wconf 82' lang='lat' dir='ltr'>tam</span> <span class='ocrx_word' id='word_1_316' title='bbox 1141 2340 1275 2390; x_wconf 85' lang='lat' dir='ltr'>quibus</span> 
     </span>
     <span class='ocr_line' id='line_1_42' title="bbox 92 2393 1275 2444; baseline 0 -13"><span class='ocrx_word' id='word_1_317' title='bbox 92 2393 201 2441; x_wconf 83' lang='lat' dir='ltr'>salus,</span> <span class='ocrx_word' id='word_1_318' title='bbox 241 2406 352 2444; x_wconf 81' lang='lat' dir='ltr'>quam</span> <span class='ocrx_word' id='word_1_319' title='bbox 371 2394 504 2442; x_wconf 88' lang='lat' dir='ltr'>quibus</span> <span class='ocrx_word' id='word_1_320' title='bbox 523 2394 643 2444; x_wconf 85' lang='lat' dir='ltr'>gloria</span> <span class='ocrx_word' id='word_1_321' title='bbox 670 2396 856 2434; x_wconf 84' lang='lat' dir='ltr'>carissima</span> <span class='ocrx_word' id='word_1_322' title='bbox 884 2401 952 2436; x_wconf 87' lang='lat' dir='ltr'>est.</span> <span class='ocrx_word' id='word_1_323' title='bbox 1010 2394 1275 2438; x_wconf 78' lang='lat' dir='ltr'>Trinobantes,</span> 
     </span>
    </p>
   </div>
  </div>
 </body>
</html>
