1496 2671
324 201 396 237 DE
425 198 606 238 BELLO
637 198 887 238 GALLICO
917 199 1024 237 LIB.
1051 200 1129 237 111.
1273 199 1322 239 57

138 308 280 347 bellum
298 319 431 356 gerere
447 312 646 343 conantur.
695 306 825 343 Duces
844 319 936 344 vero
955 307 983 343 ii
1003 307 1237 355 deliguntur,
1260 306 1327 355 qui

137 374 214 399 una
232 373 318 398 cum
341 359 385 405 Q.
411 358 579 396 Sertorio
592 372 723 396 omnes
743 372 862 396 annos
884 360 1046 404 fuerant,
1065 372 1328 407 summamque

137 414 334 453 seientiam
373 414 430 450 rei
467 413 646 450 militaris
683 414 825 449 habere
863 414 1200 450 existimabantur.
1273 413 1327 449 Hi

137 467 414 505 consuetudine
434 467 565 516 populi
586 467 748 503 Romani
766 467 847 503 loca
863 479 1011 512 capere,
1026 474 1149 503 castra
1163 467 1328 511 munire,

137 521 412 558 commeatibus
446 526 596 556 nostros
629 520 886 556 intercludere
917 520 1141 557 instituunt.
1216 519 1328 566 Quod

135 573 201 610 ubi
223 572 384 610 Crassus
404 573 690 617 animadvertit,
704 586 790 610 suas
810 573 939 621 copias
958 582 1115 622 propter
1136 574 1328 622 exiguita-

136 634 213 663 tem
235 639 310 663 non
331 626 444 663 facile
465 627 611 669 diduci3
625 627 769 663 hostem
786 633 823 663 et
838 628 972 675 vagari
993 633 1030 663 et
1051 627 1133 663 vias
1153 627 1329 663 obsidere

135 686 174 716 et
211 681 348 717 castris
385 681 477 717 satis
516 680 681 728 praesidii
720 680 955 728 r·elinque1e;
984 681 1032 716 ob
1070 693 1151 716 eam
1174 693 1326 717 causam

135 733 264 770 minus
285 734 481 770 commode
501 734 738 770 trumentum
770 740 1101 780 commeatumque
1133 733 1204 769 sibi
1237 746 1327 781 sup-

134 786 298 835 po1ta1i3
326 787 366 822 in
396 787 476 823 dies
496 787 665 823 hostium
702 799 905 824 numeium
935 786 1190 835 auge1i31ion
1212 799 1328 822 cune-

135 840 297 876 tandum
331 840 581 884 existimavit,
612 840 704 887 quin
739 853 871 889 pugna
898 841 1121 877 decertaret.
1182 839 1330 876 Ilacle

136 894 185 930 acl
213 893 415 930 consilium
434 894 571 937 delata,
605 894 668 930 ubi
688 906 819 930 omues
838 894 937 930 idem
961 893 1102 930 sentire
1122 893 1329 936 intellexit,

135 953 331 995 posterum
352 947 451 984 diem
473 959 612 995 pugnat
633 947 846 984 constituit.

190 999 348 1037 XXIV.
380 1000 512 1037 Prima
573 1000 669 1045 luce,
728 1000 923 1047 productis
970 1000 1149 1036 omuibus
1195 1000 1328 1048 copiis,

137 1053 282 1101 duplici
319 1054 399 1090 acie
437 1052 625 1096 institutit,
660 1055 818 1090 auxiliis
849 1054 889 1089 in
911 1054 1075 1090 mediam
1096 1053 1217 1089 aciem
1238 1066 1327 1090 con-

130 1106 260 1154 jectis,
280 1107 372 1154 quid
393 1107 519 1143 hostes
539 1107 688 1143 consilii
719 1114 914 1155 caperent,
945 1108 1208 1154 exspectabat.
1266 1106 1328 1142 Illi

137 1160 209 1196 etsi
242 1166 398 1208 propter
435 1160 721 1196 multitudinem
758 1168 796 1197 et
833 1167 1001 1196 veterem
1037 1160 1128 1197 belli
1166 1160 1330 1208 gloriam

135 1214 447 1262 paucitatemque
467 1220 684 1250 nostrorum
703 1226 742 1249 se
763 1221 846 1249 tuto
862 1214 1110 1250 dimicaturos
1130 1214 1330 1250 existima-

135 1267 241 1311 bant,
277 1271 405 1303 tamen
442 1266 564 1302 tutius
595 1279 678 1303 esse
716 1267 1017 1310 arbitrabantur,
1058 1267 1222 1304 obsessis
1242 1266 1329 1310 viis,

137 1326 351 1357 commeatu
372 1320 590 1364 intercluso,
623 1320 706 1356 sine
736 1320 814 1356 ullo
836 1321 994 1357 vulnere
1014 1318 1177 1357 victoria
1197 1320 1331 1368 potiri:

138 1379 176 1410 et
206 1373 239 1410 si
269 1379 426 1421 propter
457 1373 625 1421 inopiam
657 1374 713 1409 rei
752 1373 1014 1410 frumentariae
1050 1374 1214 1410 Romani
1249 1385 1332 1410 sese

138 1427 310 1474 recipere
330 1426 547 1475 coepissent,
561 1427 764 1474 impeditos
778 1427 815 1462 in
832 1427 984 1474 agmine
1005 1432 1042 1463 et
1063 1427 1134 1463 sub
1155 1427 1333 1470 sarcinis,

137 1479 340 1516 inferiores
377 1479 516 1523 animo,
556 1480 699 1516 adoriri
738 1481 970 1529 cogitabant.
1048 1479 1134 1517 Hoc
1171 1480 1333 1517 consilio

138 1534 299 1581 probato
318 1534 366 1569 ab
386 1533 560 1576 ducibus,
582 1533 780 1581 productis
810 1533 1072 1570 Romanorum
1093 1534 1226 1582 copiis,
1250 1545 1331 1570 sese

139 1586 274 1623 castris
304 1587 500 1623 tenebant.
559 1584 646 1624 Hac
682 1599 722 1623 re
764 1589 964 1634 perspecta
1000 1586 1177 1632 Crassus,
1211 1599 1331 1635 quum

139 1637 209 1677 sua
229 1640 471 1676 cunctatione
492 1645 607 1687 atque
626 1640 807 1688 opinione
836 1640 1049 1676 timidiores
1079 1640 1209 1678 hostes
1242 1652 1331 1676 nos-

139 1699 220 1730 tros
239 1693 383 1730 milites
403 1693 605 1730 alacriores
626 1694 673 1729 ad
693 1694 943 1742 pugnandum
965 1692 1193 1738 effecissent,
1214 1699 1331 1741 atque

139 1747 310 1783 omnium
330 1759 443 1783 voces
459 1747 697 1791 audirentur,
719 1747 935 1795 exspectari
956 1747 1102 1784 diutius
1122 1760 1198 1783 non
1220 1759 1334 1795 opor-

138 1805 231 1845 tere,
253 1800 348 1848 quin
376 1801 423 1836 ad
456 1800 733 1845 cast1‘11retur,
768 1800 989 1837 cohortatus
1023 1813 1122 1845 suos,
1154 1801 1333 1837 omnibus

139 1854 396 1901 cupientibuS‚
418 1854 465 1890 ad
485 1854 655 1890 hostium
675 1866 736 1890 ca
723 1859 800 1890 tra
819 1854 1027 1890 contendit.

193 1906 332 1944 XXV.
363 1907 423 1943 Ibi
453 1920 572 1956 quum
599 1907 664 1943 alii
689 1906 810 1944 fossas
835 1907 1080 1955 complelQent
1109 1906 1177 1943 alii
1202 1889 1335 1944 multis

140 1959 228 1996 telis
256 1959 439 2008 conjectis
467 1960 687 1997 defensores
709 1960 809 1997 vallo
828 1960 1185 2008 munitionibusque
1206 1961 1334 2009 depel-

141 2012 276 2058 lerent,
308 2014 603 2063 auxiliaresque,
625 2014 766 2062 quibus
799 2014 845 2050 ad
880 2026 1047 2062 pugnam
1070 2027 1146 2049 non
1168 2014 1334 2050 multum

143 2065 306 2103 Crassus
335 2067 561 2107 confidebat,
582 2067 774 2116 lapidibus
805 2067 966 2115 telisque
996 2067 1335 2103 subministrandis

142 2126 180 2156 et
200 2119 247 2155 ad
267 2131 445 2168 aggerem
465 2121 675 2169 cespitibus
696 2121 996 2169 comportandis,
1016 2121 1182 2168 speciem
1216 2127 1334 2168 atque

142 2171 360 2220 opinionem
381 2174 636 2221 pugnantium
656 2175 889 2222 praeberent3
910 2186 1026 2221 quum
1040 2175 1134 2211 item
1150 2174 1198 2210 ab
1212 2174 1334 2211 hosti-

140 2226 213 2261 bus
242 2231 461 2263 constanter
491 2239 534 2263 ac
565 2239 639 2263 non
671 2227 806 2264 timide
840 2233 1090 2276 pugnaretur,
1110 2227 1264 2276 telaque
1283 2239 1334 2264 ex

141 2278 224 2315 loco
255 2279 451 2326 superiore
483 2280 599 2316 missa
629 2293 704 2316 non
736 2280 879 2317 frustra
910 2281 1142 2317 acciderent:
1172 2281 1334 2328 equites,

141 2331 353 2368 circumitis
373 2332 540 2368 hostium
559 2334 705 2377 castris,
729 2333 868 2371 Crasso
896 2334 1234 2378 renunciaverunt,
1256 2346 1333 2369 non

129 2382 272 2422 ⁴eadem
293 2397 374 2422 esse
393 2384 594 2433 diligenti-a
613 2387 660 2422 ab
680 2387 891 2425 decumana
910 2384 1022 2436 porta
1041 2392 1164 2424 castra
1186 2386 1336 2423 munita

141 2437 367 2487 facilemque
385 2438 531 2476 aditum
551 2439 705 2478 habere.
