1496 2671
653 78 848 118 CIMON.
1292 80 1338 116 21

610 239 661 277 V.
693 238 892 276 CIMON.

162 315 260 354 CAP.
296 315 328 352 I.
391 314 579 352 Cimonem
617 327 637 350 e
671 313 833 351 vinculis
864 314 1041 363 paternis
1078 325 1176 350 uxor
1204 312 1351 358 liberat,

543 374 688 404 mutato
709 368 967 404 matrimonio.

215 443 365 490 ΟΙΜΟΝ,
389 442 580 480 Miltiadis
599 443 715 487 filius,
736 441 1003 488 Atheniensis,
1024 443 1120 479 duro
1149 442 1353 480 admodum

159 497 271 535 initio
303 509 395 534 usus
425 503 483 534 est
513 496 803 533 adolescentiae.
860 495 977 541 Nam,
1011 508 1099 533 cum
1130 502 1240 544 pater
1270 495 1353 544 ejus

159 551 266 588 litem
286 551 522 588 aestimatam
542 550 683 598 populo
703 550 852 586 solvere
871 562 947 586 non
967 550 1166 598 potuisset,
1181 551 1229 587 ob
1249 562 1352 587 eam-

160 617 232 653 que
244 616 396 642 causam
409 604 450 640 in
463 603 626 653 publicis
642 603 808 640 vinculis
824 603 1060 646 decessisset,
1070 602 1207 640 Cimon
1221 601 1353 640 eadem

160 655 334 695 custodia
352 658 567 702 tenebatur,
588 669 712 705 neque
740 656 892 705 legibus
912 654 1211 693 Atheniensium
1228 657 1353 693 emitti

159 718 320 761 poterat,
342 711 414 747 nisi
436 711 647 759 pecuniam,
670 707 747 759 qua
773 716 883 759 pater
910 710 1118 747 muletatus
1147 716 1257 755 esset,
1279 710 1352 747 sol-

159 765 293 802 visset.
351 764 532 801 Habebat
551 770 677 801 autem
707 764 747 799 in
776 763 1022 800 matrimonio
1051 776 1220 801 sororem
1241 775 1350 800 suam

159 831 393 868 germanam,
414 818 569 855 nomine
598 817 813 866 Elpinicen,
834 829 909 854 non
940 817 1062 865 magis
1090 829 1219 853 amore
1238 829 1354 866 quam

160 872 286 920 patrio
313 883 419 908 more
447 871 597 908 ductus.
653 870 756 907 Nam
777 870 1082 908 Atheniensibus
1110 871 1200 908 licet
1220 870 1353 908 eodem

159 931 269 974 patre
300 931 408 962 natas
443 937 583 962 uxores
613 924 767 961 ducere.
824 923 955 971 Hujus
988 923 1159 973 conjugii
1190 924 1353 973 cupidus

161 978 305 1015 Callias
332 978 498 1027 quidam,
520 991 597 1015 non
625 983 702 1014 tam
731 989 940 1026 generosus
967 989 1082 1025 quam
1109 978 1351 1026 pecuniosus,

160 1031 227 1079 qui
264 1044 422 1080 magnas
458 1031 638 1079 pecunias
675 1043 726 1067 ex
761 1030 926 1067 metallis
950 1028 1116 1075 ¹¹lecerat,
1152 1031 1232 1079 egit
1264 1044 1353 1068 cum

161 1084 323 1123 Cimone
342 1090 386 1121 ut
405 1097 486 1121 eam
508 1084 580 1121 sibi
602 1095 760 1120 uxorem
781 1084 906 1127 daret3
935 1083 974 1120 id
987 1084 1019 1121 si
1039 1084 1296 1133 impetrasset,
1312 1097 1353 1122 se

159 1151 229 1187 pro
257 1138 323 1175 illo
351 1138 551 1186 pecuniam
585 1137 813 1174 soluturum.
870 1137 910 1174 Is
929 1149 1049 1185 quum
1076 1138 1192 1175 talem
1220 1138 1352 1175 condi-

160 1193 303 1229 tionem
340 1196 621 1239 aspernaretur,
661 1190 838 1238 Elpinice
876 1191 1034 1239 negavit
1071 1203 1108 1227 se
1140 1203 1352 1240 passuram

162 1245 348 1281 Miltiadis
371 1244 594 1293 proqeniem
622 1244 662 1279 in
696 1244 858 1280 vinculis
881 1243 1045 1292 publicis
1071 1245 1238 1290 interire,
1260 1257 1353 1294 quo-

160 1299 263 1334 niam
292 1297 492 1348 prohibere
513 1303 641 1347 posset
654 1313 667 1340 ‚·
695 1309 805 1345 seque
829 1296 977 1333 Calliae
996 1303 1222 1347 nupturam,
1242 1302 1274 1334 si
1293 1311 1350 1344 ea,

160 1363 257 1401 quae
268 1351 522 1402 polliceretur,
541 1350 799 1400 praestitisset.

164 1502 268 1541 CAP.
291 1503 336 1540 ΙΙ
397 1502 563 1540 Cimonis
591 1514 651 1538 res
670 1508 798 1549 gestae
817 1502 872 1538 acl
894 1501 1114 1550 Strymona,
1137 1501 1350 1553 Amphipo-

351 1556 430 1601 lim,
453 1555 758 1604 Eurymedonta,
779 1561 814 1591 et
831 1554 983 1592 rebelles
1002 1555 1163 1592 insulas.

216 1631 323 1668 TALI
358 1632 469 1668 modo
502 1629 676 1668 custodi-51.
707 1628 892 1668 liberatus
927 1629 1065 1668 Cimon
1099 1631 1276 1669 celeriter
1303 1633 1351 1670 ad

161 1685 418 1734 principatum
435 1685 623 1734 pervenit.
682 1685 861 1722 Habebat
876 1685 977 1721 enim
991 1685 1084 1722 satis
1097 1685 1348 1734 eloquentiae,

162 1752 349 1776 summam
377 1739 658 1783 liberalitatem,
678 1751 855 1788 magnam
876 1739 1120 1786 prudentiam
1140 1751 1226 1775 cum
1247 1738 1351 1787 juris

162 1792 302 1836 civilis,
321 1798 402 1829 tum
434 1792 490 1829 rei
524 1792 715 1838 militaris,
733 1793 836 1842 quod
866 1804 953 1828 cum
984 1797 1092 1839 patre
1121 1805 1143 1829 a
1162 1805 1281 1841 puero
1309 1793 1350 1829 in

163 1846 334 1883 exercitu
372 1845 497 1882 fuerat
543 1852 732 1883 versatus.
788 1845 924 1892 Itaque
970 1845 1032 1882 hic
1079 1851 1117 1882 et
1162 1845 1350 1894 populum

162 1900 351 1936 urbanum
383 1899 422 1935 in
455 1896 524 1936 sua
552 1900 678 1936 tenuit
708 1904 909 1949 potestate,
938 1904 976 1935 et
1007 1899 1107 1946 apud
1136 1899 1349 1936 exercitum

163 1952 370 1999 plurimum
392 1952 511 1989 valuit
530 1953 769 1990 auctoritate.
826 1951 1008 1996 Primum,
1025 1952 1233 2001 imperator
1248 1953 1351 2001 apud

164 2005 306 2043 flumen
329 2005 535 2055 Strymona
553 2018 712 2055 magnas
731 2006 859 2055 copias
880 2005 1074 2042 Thracum
1093 2005 1261 2054 fugavit:
1283 2018 1350 2054 op-

163 2058 296 2108 pidum
334 2058 598 2108 Amphipolim
646 2060 857 2103 constituit,
898 2071 1019 2106 eoque
1059 2059 1190 2096 decem
1229 2059 1351 2097 millia

164 2112 461 2149 Atheniensium
488 2113 529 2149 in
557 2113 742 2150 coloniam
771 2113 887 2149 misit.
943 2112 1050 2149 Idem
1079 2113 1219 2149 iterum
1248 2114 1351 2161 apud

165 2164 345 2214 Mycalen
367 2165 596 2214 Cypriorum
616 2173 654 2203 et
672 2166 909 2204 Phoenicum
926 2166 1177 2203 ducentarum
1192 2167 1351 2203 navium

164 2218 323 2255 classem
351 2219 541 2256 devictam
569 2221 685 2269 cepit:
725 2221 934 2267 eodemque
953 2219 1014 2255 die
1034 2220 1117 2268 pari
1136 2218 1293 2256 fortuna
1311 2220 1351 2256 in

165 2274 268 2308 terra
288 2284 380 2309 usus
398 2278 453 2309 est
462 2287 471 2315 3
491 2285 654 2322 namque
676 2273 843 2311 hostium
872 2273 1036 2309 navibus
1064 2273 1197 2321 captis,
1219 2272 1348 2309 statim

165 2337 214 2362 ex
235 2325 352 2363 classe
372 2326 498 2375 copias
518 2338 604 2364 suas
624 2327 770 2373 eduxit,
792 2327 1041 2363 barbarorum
1062 2338 1137 2362 uno
1162 2338 1349 2363 concursu
