1496 2671
375 186 448 223 DE
478 184 659 222 BELLO
691 183 941 223 GALLICO
970 184 1077 222 LIB.
1107 183 1187 220 ΙΙΙ.
1335 184 1384 220 53

187 307 248 332 res
268 297 478 342 praeparata
498 304 520 329 a
539 291 692 336 nostris,
714 291 832 329 falces
858 298 1071 340 praeacutae,
1092 291 1246 328 insertae
1274 289 1385 326 affix-

187 359 294 396 aeque
314 345 514 394 longuriis,
536 358 612 382 non
633 345 798 382 absimili
828 343 952 382 forma
981 345 1187 382 muralium
1215 343 1385 380 falcium.

188 401 263 437 His
282 411 401 447 quum
422 398 545 443 funes,
575 399 642 447 qui
674 405 861 435 antennas
896 400 943 435 ad
978 399 1096 435 malos
1128 398 1384 440 destinabant,

185 452 450 501 comprehensi
471 453 703 501 ad-luctique
732 458 852 496 erant,
889 452 1048 501 navigio
1079 451 1195 488 remis
1225 450 1386 487 incitato

185 507 555 555 praerumpebantur.
615 504 765 551 Quibus
802 505 992 548 abscissis,
1032 511 1209 542 antennae
1252 515 1387 540 neces·

185 559 286 596 sario
305 560 570 604 concidebant,
590 565 647 604 ut,
666 572 785 607 quum
799 559 922 595 omnis
940 558 1103 596 Gallicis
1123 558 1287 595 navibus
1301 568 1386 604 spes

184 613 226 648 in
258 612 353 649 velis
384 613 706 661 armamentisque
734 613 971 656 consisteret,
993 612 1053 648 his
1086 612 1230 659 ereptis
1263 610 1387 647 omnis

186 678 278 703 usus
298 666 455 702 navium
476 679 552 703 uno
572 672 743 714 tempore
777 665 1004 715 eriperetur.
1061 664 1271 712 Reliquum
1305 669 1388 700 erat

186 726 379 756 certamen
401 719 568 767 positum
587 720 628 756 in
651 720 807 764 virtute,
836 716 912 768 qua
945 717 1068 755 nostri
1100 718 1242 754 milites
1274 716 1388 753 facile

185 773 431 821 superabant,
453 779 568 821 atque
589 785 633 810 eo
652 773 785 822 magis,
807 773 911 821 quod
930 772 970 808 in
992 778 1198 819 conspectu
1221 769 1388 807 Caesaris

186 832 302 875 atque
321 827 446 863 omnis
466 826 661 864 exercitiis
680 839 741 864 res
761 827 978 875 gerebatur,
1001 830 1044 862 ut
1073 825 1220 861 nullum
1255 823 1387 872 paullo

186 879 324 917 fortius
344 879 489 916 factum
507 879 627 917 latere
647 886 774 928 posset
791 892 800 926 3
821 891 953 917 omnes
973 879 1076 916 enim
1105 878 1220 915 colles
1241 889 1284 914 ac
1304 877 1388 913 loca

187 933 397 982 superiora,
419 934 520 970 unde
541 940 623 970 erat
643 933 883 983 propinquus
902 933 1105 981 despectus
1125 932 1166 968 in
1195 943 1312 975 mare,
1341 931 1388 967 ab

187 986 363 1024 exercitu
390 988 634 1024 tenebantur.

241 1039 335 1076 XV.
367 1039 550 1088 Dejectis,
572 1046 615 1077 ut
635 1040 817 1085 diximus,
839 1039 1028 1084 antennis,
1059 1049 1178 1087 quum
1213 1036 1387 1086 singulas

186 1093 288 1130 binae
315 1105 360 1130 ac
390 1099 509 1130 ternae
537 1106 656 1131 naves
686 1094 1033 1138 circumsteterant,
1065 1091 1208 1128 milites
1239 1087 1389 1127 summa

187 1147 229 1183 vi
248 1147 519 1184 transcendere
538 1147 579 1183 in
599 1146 769 1184 hostium
784 1159 903 1184 naves
918 1145 1214 1183 contendebant.
1274 1142 1389 1189 Quod

186 1205 389 1248 postquam
427 1200 580 1237 barbari
619 1200 703 1237 fieri
751 1200 1109 1238 animadverterunt
1155 1197 1390 1247 expugnatis

187 1253 450 1302 compluribus
470 1254 636 1291 navibus
665 1266 785 1302 quum
816 1254 852 1291 ei
878 1254 935 1291 rei
968 1253 1118 1289 nullum
1151 1251 1392 1301 reperiretur

187 1306 389 1352 auxilium,
410 1304 504 1356 fuga
535 1307 698 1344 salutem
727 1312 858 1356 petere
890 1307 1199 1350 contenderunt3
1235 1317 1280 1342 ac
1307 1303 1391 1352 jam

189 1360 385 1397 conversis
405 1360 445 1396 in
467 1373 551 1397 eam
570 1367 719 1409 partem
746 1360 924 1403 navibus,
953 1372 1029 1408 quo
1058 1363 1199 1396 ventus
1229 1357 1389 1402 ferebat,

187 1418 297 1450 tanta
316 1413 444 1450 subito
464 1414 626 1451 malacia
652 1426 696 1451 ac
714 1414 976 1461 tranquillitas
1010 1411 1176 1457 exstitit,
1207 1417 1250 1448 ut
1279 1423 1319 1448 se
1340 1423 1390 1448 ex

189 1466 272 1504 loeo
291 1479 447 1504 movere
466 1479 543 1503 non
563 1472 732 1516 possent.
791 1466 886 1512 Quae
915 1466 1071 1516 quidem
1091 1477 1153 1503 res
1173 1465 1222 1502 ad
1241 1464 1392 1513 negoti-

189 1532 256 1556 um
275 1520 558 1557 conficiendum
578 1521 746 1557 maxime
764 1519 840 1557 fuit
855 1525 1073 1569 opportuna
1090 1531 1202 1563 3nam
1219 1517 1391 1567 singulas

189 1573 312 1611 nostri
332 1574 539 1611 consectati
560 1579 896 1623 expugnaverunt,
919 1579 962 1610 ut
981 1585 1182 1621 perpaucae
1207 1584 1258 1609 ex
1287 1571 1392 1608 omni

188 1639 363 1671 numero,
383 1627 507 1664 noctis
526 1627 762 1672 interventu,
779 1627 827 1664 ad
839 1633 981 1664 terram
995 1625 1256 1675 pervenerint,
1272 1637 1392 1673 quum

189 1681 238 1717 ab
257 1678 354 1717 hora
371 1679 452 1717 fere
472 1683 610 1728 quarta
631 1693 752 1728 usque
771 1681 819 1718 ad
839 1680 928 1717 solis
944 1691 1121 1717 occasum
1136 1684 1391 1727 pugnaretur.

243 1733 351 1770 XVI
373 1732 459 1780 Quo
486 1734 616 1782 praelio
644 1734 788 1772 bellum
817 1734 1058 1771 Venetorum
1088 1733 1285 1781 totiusque
1318 1744 1393 1768 orae

189 1786 417 1824 maritimaae
429 1787 646 1825 confectum
660 1793 728 1825 est.
787 1787 900 1833 Nam,
915 1800 1035 1836 quum
1050 1786 1173 1824 omnis
1188 1784 1392 1833 juventus,

190 1853 322 1877 omnes
342 1840 457 1877 etiam
477 1841 669 1890 gravioris
690 1841 824 1887 aetatis,
844 1841 886 1877 in
905 1841 1046 1889 quibus
1067 1839 1212 1888 aliquid
1241 1838 1394 1875 consilii

190 1899 258 1931 aut
277 1894 478 1942 dignitatis
497 1894 583 1939 fuit,
605 1907 650 1932 eo
679 1901 952 1939 convenerant,
984 1900 1068 1930 tum
1101 1892 1261 1930 navium
1289 1892 1393 1940 quod

191 1947 334 1996 ubique
352 1947 490 1993 fuerat,
513 1948 553 1984 in
574 1961 694 1985 unum
712 1948 840 1986 locum
859 1952 1064 1997 coegerant
1080 1961 1089 1990 ;
1105 1945 1246 1994 quibus
1277 1945 1393 1982 amis-

191 2000 255 2045 sis,
276 2000 417 2049 reliqui
437 2014 561 2050 neque
588 2014 664 2049 quo
685 2014 725 2038 se
753 2001 980 2050 reciperent,
1010 2012 1136 2049 neque
1164 1999 1387 2047 quemdmo·

192 2054 284 2089 dum
303 2054 443 2102 oppida
462 2055 723 2099 defenderent,
745 2055 954 2092 habebant.
1009 2054 1148 2102 Itaque
1177 2065 1217 2089 se
1249 2064 1394 2099 suaque

192 2106 321 2143 omnia
341 2105 482 2145 Caesari
505 2109 750 2146 dediderunt.
807 2109 855 2145 In
876 2120 972 2156 quos
992 2120 1037 2145 eo
1065 2106 1226 2155 gravius
1261 2104 1394 2142 Caesar

170 2194 176 2199 .
194 2159 465 2197 vindicandum
485 2162 634 2207 statuit,
653 2175 729 2210 quo
749 2162 974 2211 diligentius
1002 2161 1044 2197 in
1072 2160 1265 2208 reliquum
1294 2164 1390 2195 tem-

193 2225 266 2262 pus
285 2226 308 2250 a
335 2215 509 2251 barbaris
533 2214 600 2263 jus
629 2216 846 2264 legatorum
867 2219 1181 2253 conservaretur.
1238 2212 1393 2260 Itaque,

193 2266 297 2303 omni
319 2273 452 2304 senatu
473 2274 618 2313 necato,
641 2269 809 2317 reliquos
829 2270 900 2305 sub
921 2265 1062 2306 corona
1081 2266 1274 2304 vendidit.

247 2319 391 2356 XVII.
421 2319 525 2357 Dum
544 2322 624 2359 haec
651 2323 693 2359 in
725 2322 887 2360 Venetis
917 2326 1118 2370 geruntur,
1142 2319 1189 2365 Q.
1213 2317 1393 2355 Titurius

195 2370 362 2410 Sabinus
382 2386 469 2410 cum
506 2374 554 2411 iis
582 2375 714 2424 copiis,
754 2388 848 2424 quas
882 2389 904 2413 a
925 2373 1078 2412 Caesare
1107 2377 1322 2420 acceperat,
1350 2371 1391 2407 in

194 2426 290 2463 fines
310 2426 539 2464 Unellorum
561 2430 751 2477 pervenit.
811 2429 885 2466 His
913 2433 1076 2478 praeerat
1104 2425 1327 2470 Viridovix,
1348 2436 1392 2461 ac
