1496 2671
323 193 397 230 DE
428 189 609 229 BELLO
640 190 890 230 GALLICO
919 192 1024 230 LIB.
1053 192 1084 228 Ι.
1249 193 1297 229 21

105 301 293 350 imperare
312 310 526 336 consuesse.
587 297 628 335 Si
648 298 729 345 ipse
750 299 890 346 populo
911 297 1081 336 Romano
1101 311 1175 335 non
1199 311 1294 346 prae·

104 355 299 396 scriberet,
331 352 651 400 quemadmodum
680 363 749 387 suo
770 351 861 398 jure
876 359 1067 395 uteretur;
1087 365 1161 389 nou
1183 365 1294 401 opor-

104 414 186 444 tere
201 418 282 443 sese
301 418 323 443 a
336 405 478 454 pepulo
491 405 664 442 Romano
679 405 720 440 in
734 404 831 455 suoj
841 418 905 442 ure
922 406 1113 453 impediri.
1141 405 1294 442 AEduos

104 460 187 504 sibi,
208 459 388 507 quoniam
417 459 509 495 belli
537 457 733 494 fortunam
762 464 984 503 tentassent,
1007 466 1045 495 ct
1065 459 1181 496 armis
1200 471 1293 495 con-

102 512 225 562 gressi
244 524 288 549 ae
307 512 475 560 superati
493 518 629 555 essent,
645 511 913 559 stipendiarios
929 524 1010 548 esse
1026 511 1156 549 factos.
1182 512 1294 560 Mag-

103 579 191 603 nam
209 565 398 602 Caesarem
420 565 602 613 injuriam
630 563 767 608 faeere,
798 565 865 612 qui
895 578 965 601 suo
984 565 1153 602 adventu
1175 566 1294 602 vecti-

101 619 202 668 galia
249 619 333 663 sibi,
381 619 572 655 deteriora
626 617 784 655 faceret.
868 618 1011 655 AEduis
1057 631 1098 655 se
1143 619 1294 656 obsides

101 672 343 709 redditurum
380 684 456 708 non
486 684 579 716 esse,
612 683 736 720 neque
768 671 816 707 iis
857 683 982 719 neque
1020 684 1153 708 eorum
1182 672 1295 709 sociis

101 723 247 773 injuria
266 726 409 762 bellum
428 726 641 770 illaturum,
672 725 703 761 si
736 724 777 760 in
797 737 842 761 eo
862 732 1060 762 manerent
1081 726 1182 773 quod
1202 738 1292 762 con-

102 779 284 824 venisset,
304 779 616 827 stipendiumque
635 778 838 825 quotannis
859 779 1088 826 penderent:
1118 779 1149 815 si
1165 779 1205 814 id
1217 791 1294 815 non

101 831 294 876 fecissent,
316 832 430 881 longe
461 833 509 869 iis
543 832 757 868 fraternum
792 844 930 868 nomen
964 831 1095 880 populi
1129 831 1295 868 Romani

103 886 339 923 abfuturum.
389 884 502 931 Quod
516 886 588 922 sibi
607 883 738 922 Caesar
753 885 1002 922 denunciaret
1018 898 1059 922 se
1074 885 1296 922 AEduorum

101 939 265 987 injurias
292 951 370 975 non
407 939 690 987 neglecturum3
720 939 912 975 neminem
941 950 1068 975 secum
1105 939 1187 975 sine
1226 936 1296 975 sua

102 993 272 1040 pernicie
318 993 572 1030 contendisse.
632 990 762 1037 Quum
798 992 929 1037 vellet,
977 992 1295 1040 congrederetur3

102 1045 398 1089 intellecturum,
420 1046 513 1094 quid
532 1046 669 1082 invicti
700 1044 899 1090 Germani,
922 1045 1232 1082 exercitatissimi
1253 1046 1294 1081 in

101 1099 231 1144 armis,
264 1100 330 1146 qui
359 1099 462 1135 inter
490 1112 610 1136 annos
649 1098 755 1135 XIV
792 1105 937 1136 tectum
971 1111 1046 1136 non
1083 1098 1294 1143 subissent,

103 1152 248 1188 virtute
274 1159 440 1200 possent.

156 1204 386 1241 XXXVII.
443 1205 538 1241 Haec
567 1205 700 1241 eodem
736 1211 907 1254 tempore
934 1205 1077 1243 Caesari
1111 1205 1292 1242 mandata

102 1257 381 1305 referebantur,
391 1264 429 1295 et
444 1258 561 1307 legati
574 1260 622 1295 ab
638 1258 781 1294 AEduis
794 1266 832 1296 et
844 1272 866 1295 a
883 1259 1058 1295 Treviris
1073 1259 1294 1295 veniebant:

102 1311 226 1348 AEdui
246 1318 432 1359 questum,
452 1312 555 1360 quod
588 1312 776 1356 Harudes,
803 1312 868 1359 qui
899 1325 1022 1360 nuper
1050 1312 1090 1348 in
1122 1310 1292 1349 Galliam

102 1366 352 1412 transportati
374 1372 511 1409 essent,
540 1366 636 1402 fines
657 1377 788 1402 eorum
809 1365 1103 1413 popularentur3
1133 1378 1214 1402 sese
1243 1378 1293 1401 ne

103 1418 300 1455 obsidibus
319 1419 472 1466 quidem
503 1419 602 1455 datis
630 1431 761 1467 pacem
794 1419 984 1455 Ariovisti
1023 1419 1211 1455 redimere
1228 1431 1294 1466 po-

102 1473 238 1508 tuisse:
269 1472 425 1508 Treviri
463 1479 605 1516 autem,
644 1483 761 1520 pagos
798 1480 951 1509 centum
991 1470 1206 1509 Suevorum
1245 1472 1293 1508 ad

103 1525 206 1573 ripas
217 1523 340 1562 Rheni
354 1526 580 1570 consedisse,
591 1527 655 1573 qui
672 1525 852 1562 Rhenum
865 1526 1030 1562 transire
1045 1531 1295 1568 conarentur3

102 1578 151 1614 iis
181 1591 340 1626 praeesse
370 1579 541 1615 Nasuam
580 1586 618 1615 et
653 1577 895 1615 Cimberium
932 1578 1083 1616 fratres.
1142 1578 1294 1624 Quibus

103 1633 218 1668 rebus
239 1631 368 1669 Caesar
397 1633 645 1669 vehementer
675 1640 898 1676 commotus,
929 1632 1199 1669 maturandum
1220 1633 1294 1668 sibi

103 1685 352 1730 existimavit,
370 1698 428 1729 ne,
447 1687 477 1722 si
494 1698 595 1722 nova
610 1698 745 1722 manus
764 1684 978 1722 Suevorum
993 1698 1079 1722 cum
1098 1686 1294 1722 veteribus

102 1739 222 1786 copiis
242 1739 434 1775 Ariovisti
464 1752 544 1776 sese
574 1738 852 1787 conjunxisset,
880 1739 1007 1775 minus
1037 1739 1147 1776 facile
1167 1739 1296 1776 resisti

103 1798 241 1840 posset.
298 1792 435 1840 Itaque
463 1805 505 1829 re
534 1790 788 1829 frumentaria
815 1805 931 1841 quam
950 1792 1148 1829 celerrime
1168 1792 1295 1840 potuit

103 1843 331 1892 comparata,
354 1847 504 1894 magnis
524 1846 728 1883 itineribus
749 1846 796 1882 ad
816 1846 1062 1882 Ariovistum
1082 1846 1291 1882 contendit.

157 1898 407 1935 XXXVIII.
441 1899 569 1944 Quum
598 1899 717 1935 tridui
747 1900 848 1936 viam
878 1898 1112 1947 perfecisset,
1133 1899 1293 1935 nuncia-

104 1958 186 1987 tum
212 1959 269 1988 est
299 1953 346 1994 ei,
379 1953 623 1990 Ariovistum
657 1965 744 1989 eum
776 1952 853 1989 suis
888 1952 1065 1989 omnibus
1098 1953 1219 2001 copiis
1245 1952 1294 1988 ad

104 2005 366 2052 occupandum
386 2005 671 2050 Vesontionem,
686 2006 788 2054 quod
808 2013 865 2042 est
880 2006 1059 2053 oppidum
1083 2007 1295 2045 maximum

107 2055 379 2105 Sequanorum,
401 2060 631 2096 contendere
651 2059 846 2107 triduique
875 2059 978 2095 viam
998 2071 1020 2095 a
1051 2060 1131 2096 suis
1151 2059 1294 2095 finibus

105 2111 345 2158 processisse.
402 2112 448 2148 Id
476 2126 524 2149 ne
553 2113 742 2150 accideret
762 2125 903 2162 magno
922 2125 1037 2160 opere
1057 2113 1130 2149 sibi
1151 2125 1293 2160 praeca-

106 2164 275 2200 vendum
305 2164 435 2202 Caesar-
471 2167 732 2203 existimabat:
761 2179 926 2215 namque
955 2166 1125 2202 omnium
1151 2178 1291 2205 rerum.

105 2228 191 2264 quae
212 2218 260 2253 ad
288 2218 431 2255 bellum
458 2220 544 2256 usui
577 2226 698 2264 erant,
734 2232 883 2257 summa
912 2225 995 2256 erat
1027 2219 1067 2255 in
1089 2232 1134 2256 eo
1153 2219 1293 2268 oppido

104 2269 286 2314 faculta83
314 2271 429 2319 idque
449 2270 587 2309 natura
604 2273 677 2310 loci
697 2273 752 2309 sic
771 2273 1031 2317 muniebatur,
1050 2278 1094 2309 ut
1115 2284 1292 2321 magnam

105 2323 154 2359 ad
174 2324 390 2360 ducendum
410 2325 552 2361 bellum
581 2326 689 2363 daret
716 2326 949 2367 facultatem,
971 2333 1171 2375 propterea
1191 2325 1294 2373 quod

105 2376 249 2414 flumen
271 2377 406 2422 Dubis,
441 2383 484 2414 ut
507 2379 650 2416 circino
680 2380 995 2424 circumductum,
1030 2392 1137 2427 paene
1169 2384 1293 2414 totum

107 2430 289 2478 oppidum
299 2431 435 2479 cingit:
450 2432 638 2480 reliquum
657 2433 833 2481 spatium,
850 2433 951 2480 quod
965 2438 1022 2469 est
1038 2445 1113 2469 non
1130 2431 1293 2479 amplius
