1496 2671
341 119 532 166 QUINTI
561 119 749 157 CURTII
779 119 909 157 RUFI
1153 121 1205 158 33

44 228 201 278 potiora.
272 227 393 275 Igitur
435 226 679 270 conclamant,
717 226 870 264 duceret
899 239 972 275 quo
1004 227 1204 265 videretur.

47 282 174 331 Atque
190 280 252 318 ille
278 280 459 317 utendum
477 280 619 325 animis,
640 280 729 316 dum
748 293 811 329 spe
831 281 1003 326 calerent,
1024 286 1137 326 ratus,
1158 282 1207 318 ad

46 334 185 372 Pelusii
201 333 335 371 ostium
353 339 534 383 penetrat,
563 333 738 370 simulans
756 347 777 370 a
797 334 914 371 Dario
942 347 980 371 se
999 347 1077 372 esse
1095 347 1206 384 ‚prae-

47 389 206 426 missum.
262 386 406 425 Potitus
425 400 515 437 ergo
536 387 683 431 Pelusii,
711 387 902 436 Memphin
921 388 1042 436 copias
1061 401 1207 438 promo-

46 442 124 480 vit:
152 440 200 478 ad
218 440 320 489 cujus
347 441 480 478 famam
507 440 697 490 Aegyptii,
719 453 813 477 vana
839 454 944 489 gens,
964 446 1001 478 et
1028 442 1209 479 novandis

45 507 154 544 quam
179 494 352 543 gerendis
372 495 493 544 aptior
519 495 640 540 rebus,
661 507 707 531 ex
726 494 800 531 suis
820 495 973 543 quisque
991 495 1080 532 vicis
1108 496 1208 532 urbi-

45 549 186 595 busque
213 547 261 585 ad
287 548 357 585 hoc
383 549 502 597 ipsum
529 553 766 593 concurrunt,
787 548 835 585 ad
854 548 1012 585 delenda
1031 549 1212 597 praesidia

45 601 241 638 Persarum
257 614 265 639 ε
295 602 356 649 qui
376 602 507 648 territi,
528 606 653 640 tamen
671 614 773 650 spem
791 602 975 639 retinendi
995 603 1211 651 Aegyptum

45 668 121 693 non
139 655 353 693 amiserunt.
410 656 484 694 Sed
503 669 565 693 eos
583 656 769 705 Amyntas
787 656 926 704 praelio
954 662 1145 703 superatos
1173 656 1211 692 in

45 709 174 746 urbem
194 709 390 758 compellit,
407 710 609 759 castrisque
627 709 765 758 positis,
788 710 945 746 victores
964 709 1011 746 ad
1031 710 1211 758 populan-

43 762 110 800 dos
147 775 255 811 agros
282 763 423 809 eduxit,
461 776 503 800 ac
531 764 633 801 velut
668 763 706 799 in
734 763 857 800 medio
884 763 1012 811 positis
1041 763 1212 799 omnibus

42 816 216 863 hostium,
245 822 379 854 cuncta
408 818 627 865 agebantur.
701 816 831 865 Itaque
868 817 1045 862 Mazaces,
1084 829 1211 865 quam-

45 882 154 919 quam
171 871 309 908 infelici
335 872 475 920 praelio
503 884 653 908 suorum
680 871 821 907 animos
840 871 990 908 territos
1018 883 1097 907 esse
1124 882 1211 918 cog-

43 929 210 970 noverat,
239 930 364 962 tamen
391 925 572 973 palantes,
600 929 637 962 et
665 924 841 961 victoriae
879 924 1016 961 fiducia
1042 924 1211 961 incautos

48 983 250 1023 ostentans,
272 979 433 1027 perpulit
460 992 507 1016 ne
526 979 741 1016 dubitarent
760 991 806 1014 ex
834 978 924 1014 urbe
952 990 1154 1026 erumpere,
1176 982 1214 1014 et

46 1044 104 1069 res
123 1032 272 1070 amissas
299 1045 528 1081 recuperare.
584 1032 630 1068 Id
648 1031 841 1068 eonsilium
870 1043 944 1068 non
963 1032 1107 1068 ratione
1126 1044 1212 1080 pru-

46 1086 196 1124 dentius
221 1098 331 1134 quam
359 1092 496 1123 eventu
531 1085 671 1123 felicius
707 1085 788 1122 fuit.
845 1086 906 1122 Ad
943 1098 1059 1122 unum
1087 1097 1214 1121 omnes

47 1152 131 1177 eum
148 1139 228 1188 ipso
256 1139 351 1175 duce
378 1139 488 1177 occisi
505 1146 603 1176 sunt.
660 1138 741 1175 Has
761 1152 897 1187 poenas
917 1139 1101 1188 Amyntas
1120 1138 1215 1176 utri-

46 1205 118 1243 que
143 1193 224 1241 regi
259 1193 375 1238 dedit,
403 1192 520 1229 nihilo
547 1192 664 1240 magis
691 1193 724 1229 ei
752 1192 799 1228 ad
827 1206 936 1242 quem
964 1193 1214 1241 transfugerat

45 1247 152 1292 fidus,
174 1258 282 1295 quam
299 1246 354 1283 illi
372 1259 482 1296 quem
500 1246 725 1283 deseruerat.

101 1301 168 1338 VI.
199 1300 307 1337 Darii
325 1306 523 1350 praetores,
544 1300 607 1350 qui
626 1300 765 1348 praelio
780 1300 879 1348 apud
901 1300 1005 1337 Isson
1024 1299 1213 1348 superfue—

48 1361 144 1399 rant,
174 1367 259 1391 cum
290 1355 391 1391 omni
418 1367 530 1390 manu
557 1367 650 1403 quae
676 1353 860 1402 fugientes
888 1359 1013 1391 secuta
1040 1358 1129 1397 erat,
1159 1366 1214 1389 as-

52 1412 199 1456 sumpta
217 1408 329 1445 etiam
350 1407 612 1457 Cappadocum
639 1412 677 1445 et
706 1407 982 1456 Paphlagonum
1002 1407 1213 1456 juventute,

52 1461 212 1510 Lydiam
257 1473 474 1510 recuperare
519 1461 727 1498 tentabant.
804 1462 1019 1509 Antigonus
1066 1466 1214 1509 praetor

49 1514 254 1551 Alexandri
280 1514 423 1564 Lydiae
449 1519 642 1562 praeerat:
673 1515 746 1562 qui,
768 1527 991 1564 quamquam
1018 1515 1213 1564 plerosque

47 1568 206 1606 militum
226 1581 272 1605 ex
297 1568 488 1617 praesidiis
515 1569 563 1605 ad
591 1581 715 1617 regem
734 1568 934 1613 dimiserat,
962 1573 1099 1614 tamen,
1128 1569 1212 1604 bar-

46 1621 143 1658 baris
162 1623 305 1671 spretis,
324 1623 364 1658 in
383 1622 497 1659 aciem
512 1635 597 1659 suos
615 1623 755 1659 eduxit.
813 1621 955 1659 Eadem
972 1622 1047 1659 illic
1067 1633 1212 1670 quoque

44 1675 195 1713 fortuna
213 1676 373 1725 partium
400 1675 471 1713 fuit
491 1689 499 1712 :
531 1676 648 1713 tribus
668 1675 813 1724 praeliis
841 1675 912 1713 alia
930 1682 1040 1724 atque
1057 1676 1129 1712 alia
1156 1688 1213 1711 re-

45 1729 156 1777 gione
184 1729 396 1774 commissis,
426 1729 561 1766 Persae
587 1729 808 1767 funduntur.
866 1729 1010 1766 Eodem
1045 1734 1211 1778 tempore

45 1782 169 1820 classis
188 1783 434 1820 Macedonum
454 1796 499 1820 ex
521 1783 676 1820 Graecia
694 1784 822 1827 accita,
844 1783 1129 1827 Aristomenem,
1151 1783 1213 1830 qui

46 1836 94 1872 ad
113 1835 350 1886 Hellesponti
361 1849 463 1874 oram
480 1837 769 1885 recuperandam
791 1850 811 1873 a
832 1836 950 1873 Dario
969 1842 1048 1873 erat
1066 1836 1211 1881 missus,

47 1889 164 1938 captis
191 1889 269 1938 ejus
296 1895 361 1928 aut
397 1891 525 1927 mersis
552 1891 719 1936 navibus,
758 1897 921 1940 superat.
995 1890 1028 1925 A
1058 1890 1212 1927 Milesiis

48 1942 182 1980 deinde
210 1943 470 1981 Pharnabazus
497 1944 702 1993 praefectus
724 1943 892 1980 Persicae
912 1944 1036 1980 classis
1055 1943 1212 1992 pecunia

46 2000 186 2041 exacta,
202 2001 240 2035 et
257 1997 439 2046 praesidio
456 1998 495 2034 iu
515 1998 644 2034 urbem
665 1997 799 2034 Chium
818 1998 1041 2042 introducto,
1062 2002 1212 2034 centum

48 2049 202 2086 navibus
229 2051 412 2096 Andrum,
433 2056 471 2088 et
487 2051 576 2088 inde
604 2051 785 2100 Siphnum
812 2051 948 2100 petiit:
978 2064 1038 2088 eas
1067 2063 1212 2100 quoque

48 2102 184 2139 insulas
197 2104 386 2152 praesidiis
401 2110 564 2154 occupat,
586 2105 742 2154 pecunia
760 2105 930 2142 mulctat.
985 2104 1209 2153 Magnitudo

49 2156 145 2201 belli,
175 2157 273 2204 quod
301 2158 347 2194 ab
365 2159 649 2207 opulentissimis
669 2158 840 2208 Europae
858 2158 1043 2207 Asiaeque
1061 2158 1211 2207 regibus

48 2210 86 2245 in
105 2222 205 2259 spem
225 2211 340 2248 totius
358 2212 456 2249 orbis
467 2213 671 2262 occupandi
689 2213 899 2261 gerebatur,
921 2212 1100 2249 Graeciae
1118 2224 1208 2260 quo-

47 2275 119 2310 que
133 2268 170 2301 et
191 2263 324 2301 Cretae
342 2277 442 2302 arma
459 2272 717 2303 commoverat.
769 2266 874 2315 Agis,
896 2265 1208 2303 Lacedaemonio-

47 2329 129 2354 rum
158 2330 234 2363 rex,
255 2322 338 2356 octo
357 2318 517 2356 millibus
545 2319 785 2364 Graecorum,
806 2320 868 2368 qui
896 2333 943 2356 ex
970 2320 1101 2357 Cilicia
1126 2331 1211 2368 pro-

47 2369 126 2419 fugi
161 2371 288 2409 domos
318 2371 554 2421 repetierant,
592 2373 801 2419 contractis,
837 2373 974 2417 bellum
1011 2373 1212 2422 Antipatro
