1496 2671
362 137 564 178 LAELIUS
594 136 668 174 DE
696 133 956 174 AMICITIA.
1195 131 1243 170 25>

80 262 119 288 se
137 261 215 288 esse
233 248 426 297 ampliores
445 245 606 283 volebat.
661 244 723 283 70.
746 244 859 290 Quod
873 242 1083 281 faciendum
1096 241 1241 279 imitan—

80 303 242 352 dumque
259 307 316 339 est
340 300 530 337 omnibus:
561 304 616 342 ut,
637 298 666 334 si
685 311 794 346 quam
814 296 1066 346 praestantiam
1084 295 1242 340 virtutis,

80 356 229 406 ingenii,
247 351 406 392 fortunae
427 352 615 390 consecuti
634 357 730 397 sunt,
751 351 966 400 impertiant
984 363 1027 387 ea
1045 349 1130 395 suis,
1147 361 1244 386 coma

80 410 341 456 municentque
367 419 450 444 cum
476 405 652 456 proximis
672 419 680 442 :
710 410 763 450 ut,
785 406 814 442 si
833 404 1048 453 parentibus
1066 403 1146 440 nati
1174 402 1247 439 sint

79 462 287 507 humilibus,
305 461 334 498 si
353 461 578 510 propinquos
596 459 758 495 habeant
775 458 1031 495 imbecilliores
1050 457 1107 494 vel
1123 457 1245 493 animo

78 517 135 554 vel
153 515 313 561 fortuna,
335 527 462 551 eorum
489 517 652 562 augeant
679 524 777 561 opeS,
798 512 921 559 eisque
947 511 1080 548 honori
1107 510 1182 547 sint
1210 518 1246 546 et

73 569 272 618 dignitati:
294 574 336 606 ut
355 569 394 605 in
415 567 577 613 Fabulis,
598 566 660 614 qui
675 565 901 614 aliquamdiu
921 570 1074 614 propter
1092 563 1242 612 ignora-

77 624 215 662 tionem
253 623 377 672 stirpis
415 627 451 660 et
487 622 632 670 generis
668 620 707 656 in
744 618 922 656 famulatu
955 618 1102 661 fuerint,
1133 628 1241 664 quum

77 677 217 726 cogniti
244 681 342 721 sunt,
372 681 409 713 et
437 680 501 712 aut
529 675 697 711 Deorum
725 678 789 710 aut
822 673 971 721 Regum
998 672 1065 708 filii
1091 671 1245 709 inventi.

77 731 240 769 retinent
260 736 383 768 tamen
403 729 594 766 caritatem
614 729 651 764 in
671 733 846 776 pastores,
862 738 951 774 quos
970 731 1093 774 patres
1111 724 1246 760 multos

76 796 192 821 annos
220 796 298 821 esse
331 783 526 820 duxerunt.
585 781 695 827 Quod
723 781 841 818 multo
866 779 1032 829 profecto
1064 777 1182 825 magis
1208 778 1247 812 in

76 838 170 876 veris
201 838 368 887 patribus
396 836 577 884 certisque
603 835 823 872 faciendum.
880 833 1039 871 Fructus
1067 832 1165 868 enim
1191 830 1247 865 in—

76 891 176 940 genii
212 895 249 929 et
286 890 432 928 virtutis
469 890 662 938 omnisque
699 887 923 937 praestantiae
960 892 1040 924 tum
1066 885 1248 922 maximus

78 945 232 994 capitur,
255 957 366 994 quum
384 944 423 981 in
442 944 650 992 proximum
669 954 849 991 quemque
867 941 1068 978 confertur.

128 999 215 1036 XX.
245 998 309 1038 71.
340 998 394 1035 Ut
415 997 531 1046 igitur
557 997 595 1042 ii,
617 996 677 1045 qui
697 996 841 1033 suntin
870 995 1039 1032 amicitiae
1068 992 1246 1041 conjunc-

78 1053 260 1100 tionisque
277 1051 550 1089 necessitudine
569 1050 785 1099 superiores,
808 1061 1001 1096 exaequare
1029 1060 1068 1085 se
1086 1059 1170 1084 cum
1188 1047 1244 1083 in-

77 1106 270 1144 ferioribus
289 1106 449 1142 debent:
471 1105 522 1142 sic
541 1104 732 1140 inferiores
747 1115 822 1139 non
842 1102 978 1146 dolere,
996 1115 1034 1138 se
1053 1114 1074 1138 a
1093 1101 1167 1138 suis
1182 1110 1245 1138 aut

78 1159 229 1208 ingenio
257 1164 323 1196 aut
349 1160 500 1196 fortuna
536 1165 601 1195 aut
630 1157 814 1205 dignitate
842 1157 1018 1205 superari.
1077 1155 1243 1200 Quorum

78 1213 242 1262 plerique
261 1217 325 1249 aut
343 1219 549 1260 queruntur
567 1223 711 1259 semper
730 1210 879 1258 aliquid,
900 1215 964 1247 aut
983 1209 1094 1246 etiam
1114 1221 1245 1257 expro—

77 1267 188 1304 brant
208 1279 216 1303 ε
247 1279 363 1314 eoque
381 1265 510 1313 magis,
531 1265 561 1301 si
586 1264 723 1300 habere
749 1276 787 1300 se
805 1269 951 1311 putant,
973 1263 1070 1311 quod
1089 1263 1249 1299 officiose

78 1328 115 1358 et
134 1319 251 1357 amice
270 1326 307 1357 et
326 1331 409 1356 cum
428 1319 554 1356 labore
573 1317 695 1366 aliquo
714 1329 779 1353 suo
798 1317 935 1354 factum
950 1321 1089 1365 queant
1107 1317 1245 1354 dicere.

79 1373 261 1411 Odiosum
290 1385 377 1410 sane
404 1384 521 1421 genus
548 1371 750 1415 hominum,
772 1370 891 1407 officia
918 1370 1247 1419 exprobrantium:

80 1440 160 1476 quae
180 1427 390 1463 meminisse
408 1427 520 1463 debet
538 1426 579 1470 is,
596 1425 633 1460 in
653 1436 760 1472 quem
782 1424 916 1462 collata
934 1429 1031 1469 sunt,
1053 1436 1130 1461 non
1149 1436 1249 1461 com-

80 1493 295 1526 memorare,
316 1481 378 1529 qui
398 1479 571 1517 contulit.
626 1478 688 1517 72.
720 1478 971 1523 Quamobrem
991 1483 1033 1516 ut
1050 1478 1088 1524 ii,
1110 1478 1170 1526 qui
1190 1490 1249 1514 su—

78 1534 240 1584 periores
259 1540 358 1577 sunt,
375 1533 590 1570 submittere
608 1545 647 1569 se
666 1532 804 1569 debent
822 1532 862 1568 in
881 1531 1065 1569 amicitia:
1087 1532 1139 1568 sic
1158 1544 1249 1580 quo·

80 1589 165 1625 dam
185 1587 295 1624 modo
314 1588 504 1624 inferiores
523 1587 712 1624 extollere.
768 1585 865 1623 Sunt
890 1586 987 1622 enim
1007 1585 1167 1634 quidam,
1189 1586 1249 1634 qui

81 1642 252 1679 molestas
267 1641 445 1679 amicitias
459 1641 608 1685 faciunt,
626 1652 737 1689 quum
754 1639 822 1688 ipsi
837 1652 876 1676 se
889 1639 1078 1676 contemni
1092 1646 1246 1688 putant3

80 1696 177 1744 quod
196 1708 272 1732 non
290 1695 366 1732 fere
385 1695 580 1743 contingit,
597 1694 668 1731 nisi
686 1694 742 1738 iis,
759 1694 821 1741 qui
835 1694 945 1730 etiam
961 1693 1251 1731 contemnendos

81 1762 119 1786 se
137 1749 366 1787 arbitrantur
386 1762 395 1792 ;
425 1748 486 1797 qui
504 1749 574 1785 hac
593 1747 768 1797 opinione
794 1759 868 1784 non
897 1747 1008 1783 modo
1031 1747 1164 1792 verbis,
1186 1745 1251 1784 sed

81 1803 191 1840 etiam
218 1815 329 1851 opere
357 1803 505 1839 levandi
534 1810 632 1839 sunt.
690 1801 753 1839 73.
784 1800 946 1839 Tantum
977 1806 1100 1838 autem
1119 1801 1251 1848 cuique

82 1856 334 1902 tribuendum,
378 1857 549 1905 primum,
592 1861 771 1904 quantum
809 1855 887 1902 ipse
925 1855 1067 1891 efficere
1104 1856 1220 1903 possis
1241 1866 1251 1900 ;

83 1909 218 1946 deinde
236 1910 359 1956 etiam,
380 1916 559 1958 quantum
580 1910 653 1955 ille,
673 1921 782 1957 quem
802 1908 935 1957 diligas
955 1914 1066 1956 atque
1084 1907 1250 1956 adjuves,

84 1963 278 2000 sustinere.
346 1964 434 2001 Non
463 1964 561 2001 enim
588 1969 629 2000 tu
658 1963 785 2012 possis,
816 1962 1051 2010 quantumvis
1080 1962 1249 2003 excellas,

84 2028 211 2053 omnes
230 2021 313 2054 tuos
332 2018 379 2054 ad
393 2017 551 2054 honores
570 2016 811 2066 amplissimos
826 2016 1027 2065 perducere
1043 2029 1050 2052 :
1072 2020 1114 2053 ut
1127 2015 1253 2065 Scipio

87 2070 259 2107 Publium
287 2070 477 2120 Rupilium
505 2071 628 2120 potuit
656 2069 855 2106 Consulem
892 2070 1063 2113 efficere3
1099 2068 1253 2107 fratrem

84 2123 162 2172 ejus
182 2122 339 2160 Lucium
359 2137 434 2161 non
452 2125 586 2174 potuit.
642 2123 754 2169 Quod
782 2123 811 2159 si
839 2123 948 2160 etiam
973 2124 1089 2171 possis
1109 2123 1253 2171 quidvis

84 2177 228 2214 deferre
246 2177 294 2214 ad
312 2178 483 2222 alterum,
502 2178 702 2215 videndum
723 2182 778 2215 est
796 2182 934 2222 tamen,
950 2177 1038 2226 quid
1056 2176 1120 2213 ille
1138 2178 1255 2226 possit

85 2230 278 2268 sustinere.
334 2231 396 2270 74.
428 2231 591 2269 Omnino
610 2231 793 2276 amicitiae,
808 2230 1054 2268 corroboratis
1067 2230 1144 2279 jam
1165 2243 1253 2267 con—

85 2284 307 2333 firmatisque
325 2289 363 2322 et
381 2285 539 2333 ingeniis
551 2290 589 2322 et
608 2285 790 2329 aetatibus,
805 2284 1020 2333 judieandae
1041 2290 1127 2321 sunt
1143 2298 1151 2321 :
1173 2296 1254 2327 nec,

87 2338 116 2374 si
144 2338 205 2386 qui
231 2339 384 2376 ineunte
412 2344 522 2376 aetate
549 2339 710 2375 venandi
737 2344 803 2376 aut
821 2338 906 2387 pilae
926 2338 1083 2376 studiosi
1100 2338 1251 2380 fuerint,

87 2403 148 2429 eos
167 2392 304 2430 habere
322 2393 546 2430 necessarios
565 2397 723 2441 oportet,
744 2404 836 2439 quos
863 2397 944 2429 tum
969 2392 1101 2429 eodem
1130 2390 1253 2428 studio

657 2457 686 2495 C
