1496 2671
354 175 427 212 DE
457 174 638 213 BELLO
669 174 918 215 GALLICO
948 176 1053 213 LIB.
1083 177 1159 214 IV.
1300 178 1348 218 75

212 281 441 319 XXXVII.
474 280 624 327 Quibus
645 294 695 318 ex
715 283 880 320 navibus
900 296 1019 331 quum
1039 290 1165 321 essent
1180 285 1349 334 expositi

158 336 300 373 milites
320 335 471 372 circiter
491 334 608 379 CCC,
630 341 745 383 atque
764 337 804 372 in
819 343 945 374 castra
960 338 1246 382 contenderent,
1263 338 1349 376 Mo-

156 389 245 434 rini,
277 401 372 437 quos
410 387 541 425 Caesar
571 389 612 424 in
643 387 886 426 Britanniam
918 391 1163 438 proficiscens
1194 398 1350 441 pacatos

154 442 373 490 reliquerat,
394 454 461 490 spe
489 442 626 490 praedae
660 442 826 487 adducti,
860 444 984 491 primo
1013 457 1091 481 non
1123 444 1178 482 ita
1209 457 1350 494 magno

158 508 314 533 suorum
346 508 506 532 numero
545 496 894 540 circumsteterunt,
927 509 971 533 ac
1003 497 1036 534 si
1067 509 1149 534 sese
1181 497 1349 536 interfici

157 548 314 593 nollent,
336 561 442 586 arma
462 561 604 597 ponere
616 547 830 596 jusserunt.
891 548 1021 595 Quum
1049 550 1107 586 illi
1135 552 1227 588 orbe
1246 551 1349 589 facto

156 614 239 639 sese
258 601 519 647 defenderent,
541 602 717 640 celeriter
736 603 784 639 ad
812 602 1017 640 clamorem
1045 603 1245 641 hominum
1273 605 1348 642 cir-

155 656 252 693 citer
270 656 393 692 millia
415 655 477 693 VI
495 662 771 693 convenerunt.
829 653 916 702 Qua
940 668 983 694 re
1002 655 1195 704 nunciata,
1218 656 1350 695 Caesar

156 721 307 746 omnem
328 721 377 746 ex
397 709 532 746 castris
552 709 766 757 equitatum
785 709 865 746 suis
890 709 1037 746 auxilio
1065 711 1185 747 misit.
1241 711 1349 748 Inte-

155 763 229 799 rim
250 762 372 800 nostri
393 763 534 799 milites
551 763 740 811 impetum
758 762 927 799 hostium
947 763 1215 800 sustinuerunt
1234 770 1349 813 atque

156 816 320 862 amplius
339 816 445 853 horis
457 822 623 865 quatuor
633 815 841 853 fortissime
859 822 1140 865 pugnaverunt,
1161 823 1200 854 et
1218 830 1350 865 pau—

156 870 212 906 cis
245 869 473 907 vulneribus
500 870 678 918 acceptis,
700 870 916 917 complures
948 882 999 907 ex
1030 870 1079 907 iis
1112 870 1349 908 occiderunt.

157 921 292 960 Postea
311 935 404 960 vero
424 935 540 971 quam
560 923 754 971 equitatus
773 929 903 959 noster
915 923 955 959 in
968 930 1214 972 conspectum
1226 924 1347 969 venit,

156 976 285 1014 hostes
305 975 463 1025 abjectis
483 977 599 1014 armis
613 982 722 1025 terga
737 981 938 1014 verterunt
957 989 1196 1026 magnusque
1215 989 1348 1014 eorum

157 1042 340 1067 numerus
359 1036 417 1067 est
436 1031 598 1067 occisus.

210 1083 464 1120 XXXVIII.
494 1082 627 1120 Caesar
645 1088 800 1132 postero
820 1083 881 1121 die
902 1084 948 1120 T.
979 1082 1192 1121 Labienum
1221 1083 1347 1133 Lega-

156 1143 240 1174 tum
260 1149 349 1173 cum
366 1137 415 1173 iis
433 1137 665 1185 legionibus,
684 1149 780 1185 quas
808 1149 859 1174 ex
889 1135 1097 1175 Britannia
1125 1137 1347 1184 reduxerat,

157 1190 195 1226 in
213 1190 397 1234 Morinos,
414 1191 480 1237 qui
496 1190 743 1227 rebellionem
757 1189 940 1236 fecerant,
957 1191 1077 1228 misit.
1135 1189 1212 1237 Qui
1228 1204 1348 1240 quum

156 1250 315 1293 propter
334 1243 525 1281 siccitates
543 1243 738 1292 paludum,
759 1257 836 1292 quo
856 1256 896 1281 se
925 1245 1152 1293 reciperent,
1174 1257 1251 1281 non
1278 1246 1347 1282 ha-

158 1300 307 1344 berent,
326 1310 403 1346 quo
422 1297 600 1346 periugio
619 1297 815 1346 superiore
835 1310 935 1335 anno
954 1297 1109 1336 fuerant
1130 1298 1200 1342 usi,
1217 1310 1349 1336 omnes

157 1350 238 1388 fere
257 1352 298 1387 in
317 1351 548 1399 potestatem
568 1350 728 1388 Labieni
748 1357 951 1388 venerunt.
1010 1351 1068 1388 At
1089 1350 1139 1397 Q.
1169 1352 1348 1389 Titurius

158 1414 197 1441 et
216 1404 262 1442 L.
285 1403 401 1442 Cotta
420 1404 548 1452 legati,
578 1404 646 1452 qui
674 1404 714 1440 in
745 1404 1016 1453 Menapiorum
1048 1405 1146 1442 fines
1177 1405 1349 1453 legiones

158 1458 362 1502 duxerant,
381 1458 558 1495 omnibus
577 1468 710 1494 eorum
730 1458 834 1506 agris
853 1458 1026 1503 vastatis,
1042 1458 1248 1496 frumentis
1263 1471 1349 1496 suc-

158 1511 259 1557 aisis,
280 1511 451 1548 aedificiis
471 1511 649 1556 incensis,
669 1512 771 1559 quod
792 1511 967 1559 Menapii
989 1524 1030 1549 se
1049 1524 1180 1549 omnes
1198 1513 1240 1548 in
1256 1513 1349 1549 den-

160 1565 330 1602 sissimas
349 1565 466 1602 silvas
486 1565 725 1610 abdiderant,
748 1577 788 1602 se
816 1565 864 1601 ad
895 1564 1086 1602 Caesarem
1106 1572 1348 1614 receperunt.

161 1617 291 1657 Caesar
309 1619 350 1655 in
370 1618 504 1666 Belgis
524 1619 694 1654 omnium
722 1618 918 1666 legionum
947 1619 1110 1656 hiberna
1136 1619 1349 1656 constituit.

159 1672 219 1709 Eo
239 1673 323 1708 duae
342 1672 499 1709 omnino
519 1671 696 1709 civitates
727 1684 776 1708 ex
807 1670 1016 1709 Britannia
1048 1672 1200 1710 obsides
1234 1673 1350 1710 mise-

116 1720 117 1723 *
159 1733 264 1770 runt,
284 1726 441 1774 reliquae
462 1725 731 1773 neglexerunt.
790 1724 866 1762 His
885 1727 999 1763 rebus
1015 1726 1144 1775 gestis,
1159 1739 1206 1764 ex
1227 1726 1351 1763 literis

161 1778 325 1817 Caesaris
345 1780 494 1816 dierum
516 1778 602 1815 XX
622 1778 853 1828 supplicatio
872 1793 893 1816 a
913 1786 1048 1817 senatu
1069 1780 1223 1818 decreta
1244 1785 1312 1817 est.

698 2138 814 2164 FlNIS.
