1496 2671
365 117 567 157 LAELms
597 115 669 153 DE
699 99 961 151 AMICITIAJ
1220 108 1243 147 7

85 233 266 278 quaerunt,
286 227 323 263 in
351 235 504 262 numero
531 223 752 272 sapientium
779 234 855 259 non
882 221 1031 258 habent.
1087 220 1247 260 Athenis

85 296 200 319 unum
215 279 431 329 accepimus,
450 281 488 314 et
499 289 582 313 eum
602 276 750 326 quidem
769 275 879 313 etiam
898 274 1082 324 Apollinis
1101 276 1248 312 oraculo

85 333 390 386 sapientissimum
409 330 629 380 judicatum.
686 328 795 366 Hanc
822 341 900 366 esse
917 329 956 364 in
976 334 1014 366 te
1032 329 1246 378 sapientiam

85 389 308 431 existimant,
326 390 369 423 ut
383 384 505 421 omnia
522 389 589 422 tua
605 383 693 420 inte
711 382 831 431 posita
849 381 973 427 ducas,
994 382 1247 433 humanosque

86 454 189 484 casus
216 440 354 477 virtute
379 438 570 475 inferiores
597 441 719 486 putes·
775 435 905 484 Itaque
920 447 966 472 ex
985 448 1044 473 me
1062 443 1245 485 quaerunt,

86 495 195 533 credo
221 494 309 531 item
328 505 375 529 ex
392 496 442 536 te,
471 491 644 535 Scaevola,
665 502 826 539 quonam
845 494 955 538 pacto
970 494 1127 527 mortem
1146 492 1248 528 Afri-

86 548 167 586 cani
184 547 279 584 feras
298 557 308 582 z
335 557 452 594 eoque
470 545 602 593 magis,
615 544 716 593 quod
727 543 784 580 his
798 542 974 592 proximis
988 543 1120 589 Nonis,
1134 558 1248 594 quum

87 602 126 638 in
161 601 288 638 hortos
316 599 424 637 Decii
452 597 560 636 Bruti
586 597 749 647 auguris,
770 597 1044 633 commentandi
1071 609 1191 643 causa,
1207 605 1250 636 ut

87 655 232 699 assolet,
259 653 497 697 venissemus,
525 657 568 689 tu
594 664 669 689 non
696 649 858 694 adfuisti,
880 649 942 698 qui
969 650 1250 699 diligentissime

87 721 229 757 semper
255 707 361 744 illum
388 706 486 743 diem
513 711 550 743 et
578 705 670 742 illud
698 716 832 741 munus
851 702 983 740 solitus
1011 716 1106 741 esses
1135 706 1248 743 obire.

86 762 121 800 8.
151 762 353 799 SCAEVOLA.
410 759 595 804 Quaerunt
613 758 773 808 quidem,
791 757 858 794 Cai
878 756 982 802 Laeli,
999 758 1118 804 multi,
1135 766 1177 797 ut
1196 768 1252 798 est

86 829 108 853 a
123 815 266 852 Fannio
284 814 438 851 dictum.
496 812 569 850 Sed
587 825 658 861 ego
672 812 711 848 id
730 810 945 860 respondeo,
967 811 1068 859 quod
1086 813 1252 850 animad-

87 868 194 914 verti,
212 875 251 906 te
269 868 445 911 dolorem,
467 879 577 915 quem
595 865 778 915 acceperis
798 877 911 913 quum
931 865 1064 901 summi
1083 866 1152 902 viri
1171 873 1252 904 tum

88 921 295 960 amicissimi
332 926 462 965 morte,
500 920 595 957 ferre
631 919 821 956 moderate
837 931 845 961 ;
875 930 943 955 nec
978 919 1153 968 potuisse.
1177 933 1253 957 non

88 975 321 1020 commoveri,
343 987 411 1012 nec
428 973 539 1011 fuisse
558 974 597 1010 id
616 972 858 1010 humanitatis
877 977 950 1008 tuae
971 986 979 1009 :
1010 973 1111 1021 quod
1130 980 1253 1012 autem

87 1030 143 1066 his
171 1028 289 1065 Nonis
315 1028 354 1064 in
372 1027 528 1076 collegio
546 1032 674 1064 nostro
702 1038 777 1062 non
796 1024 983 1071 adfuisses,
1005 1026 1255 1065 valetudinem

88 1095 246 1127 causam,
282 1094 359 1119 non
394 1081 604 1118 moestitiam
631 1080 757 1117 fuisse.
822 1080 992 1117 LAELIUS.
1061 1079 1180 1118 Recte
1214 1086 1255 1118 tu

91 1136 251 1186 quidem,
283 1134 456 1179 Scaevola‚
496 1140 534 1172 et
559 1146 654 1171 vere.
711 1134 791 1170 Neo
818 1134 915 1171 enim
944 1134 991 1170 ab
1018 1133 1090 1171 isto
1123 1135 1253 1180 officio,

89 1189 189 1239 quod
204 1201 346 1238 semper
360 1188 545 1236 usurpavi,
562 1200 674 1236 quum
690 1186 859 1233 valerem,
873 1187 1008 1224 abduci
1021 1187 1256 1226 incommodo

89 1255 173 1280 meo
191 1242 314 1286 debui,
329 1254 398 1278 neo
426 1241 502 1278 ullo
531 1253 618 1278 casu
645 1240 804 1278 arbitror
824 1241 894 1278 hoc
912 1242 1097 1278 constanti
1117 1242 1258 1279 homini

88 1309 194 1346 posse
220 1295 447 1344 contingere,
468 1301 511 1333 ut
529 1294 606 1331 ulla
622 1294 847 1332 intermissio
866 1295 931 1331 fiat
950 1294 1072 1331 officii.
1129 1295 1166 1333 9.
1197 1296 1256 1333 Tu

89 1355 224 1394 autem,
254 1348 385 1393 Fanni,
415 1349 478 1397 qui
504 1348 596 1384 mihi
622 1352 769 1385 tantum
796 1348 912 1385 tribui
940 1348 1043 1393 dicis,
1073 1355 1256 1397 quantum

91 1416 160 1453 ego
187 1415 255 1440 neo
273 1415 435 1451 agnosco
452 1413 522 1438 nec
547 1401 706 1450 postulo,
726 1401 816 1438 facis
834 1401 951 1438 amice
970 1414 978 1438 :
1010 1401 1085 1446 sed,
1106 1409 1149 1440 ut
1168 1404 1257 1440 mihi

90 1458 236 1501 videris,
257 1468 332 1493 non
353 1461 453 1493 recte
474 1455 621 1504 judicas
640 1455 688 1491 de
707 1453 862 1492 Catone.
918 1456 1115 1493 Autenim
1135 1469 1255 1503 nemo,

92 1511 192 1560 quod
211 1509 359 1559 quidem
378 1509 490 1557 magis
509 1509 630 1553 credo,
660 1514 736 1553 aut,
757 1509 786 1545 si
806 1509 1010 1557 quisquam,
1032 1509 1095 1546 ille
1114 1511 1258 1559 sapiens

91 1565 174 1602 fuit.
231 1563 440 1608 Quomodo,
480 1568 522 1600 ut
548 1562 620 1598 alia
655 1561 835 1606 omittam,
856 1567 1012 1600 mortem
1039 1563 1105 1600 filii
1141 1564 1256 1603 tulit!

91 1618 333 1655 Memineram
376 1616 557 1661 Paullum,
596 1616 759 1652 videram
798 1615 949 1652 Gallum
970 1630 977 1653 :
1039 1617 1104 1653 sed
1140 1617 1179 1654 hi
1219 1620 1258 1655 in

92 1672 243 1720 pueris3
275 1670 369 1707 Cato
386 1670 423 1706 in
444 1669 606 1718 perfecto
625 1674 663 1707 et
681 1673 847 1718 spectato
875 1670 968 1706 viro.
1025 1670 1087 1707 10.
1119 1671 1258 1716 Quam-

94 1726 218 1762 obrem
247 1736 334 1761 oave
363 1723 497 1761 Catoni
524 1728 728 1772 anteponas
747 1735 795 1759 ne
813 1723 925 1761 istum
955 1723 1103 1772 quidem
1122 1724 1255 1773 ipsum,

96 1791 205 1828 quem
223 1777 371 1827 Apollo,
398 1783 441 1814 ut
469 1777 532 1822 ais,
554 1775 863 1825 sapientissimum
877 1777 1072 1825 judicavit.
1130 1777 1255 1826 Hujus

96 1833 193 1868 enim
212 1831 321 1876 facta,
336 1830 434 1867 illius
453 1830 554 1868 dicta
572 1830 783 1867 laudantur.
815 1830 875 1867 De
893 1843 953 1866 me
972 1837 1107 1876 autem,
1129 1837 1172 1869 ut
1180 1832 1258 1880 jam

97 1898 181 1922 cum
199 1890 358 1934 utroque
374 1884 515 1933 loquar,
536 1884 587 1921 sic
601 1884 787 1921 habetote.

150 1938 222 1975 ΙΙΙ.
253 1938 346 1986 Ego,
381 1938 411 1974 si
439 1937 620 1987 Scipionis
648 1937 831 1974 desiderio
859 1950 918 1974 me
945 1938 1084 1975 moveri
1112 1951 1257 1989 negem,

96 2005 204 2040 quam
222 1991 262 2027 id
273 1996 373 2029 recte
389 1991 529 2036 faciam,
549 1990 711 2028 viderint
728 1990 912 2040 sapientes
927 2005 935 2034 ;
957 1992 1022 2028 sed
1041 1998 1141 2030 certe
1158 2007 1260 2031 men-

98 2047 179 2082 tiar.
235 2044 388 2081 Moveor
414 2045 523 2090 enim,
543 2044 610 2082 tali
636 2045 753 2081 amico
772 2044 933 2090 orbatus,
954 2045 1082 2094 qualis,
1103 2052 1146 2083 ut
1165 2049 1261 2085 arbi-

97 2108 186 2143 tror,
203 2110 310 2134 nemo
328 2111 489 2146 unquam
502 2098 594 2142 erit3
616 2106 665 2143 et,
685 2104 728 2135 ut
746 2098 964 2135 confirmare
974 2112 1134 2148 possum,
1151 2113 1259 2139 nemo

96 2159 196 2189 certe
205 2151 288 2188 fuit.
344 2151 419 2188 Sed
435 2164 511 2188 non
525 2164 616 2201 egeo
634 2151 817 2189 medicina
833 2164 841 2195 ;
863 2165 922 2188 me
935 2153 1013 2201 ipse
1027 2154 1207 2200 consolor,
1224 2162 1261 2194 et

96 2206 252 2242 maxime
269 2203 334 2241 illo
352 2205 494 2250 solatio,
509 2205 609 2254 quod
623 2218 666 2242 eo
679 2217 801 2242 errore
816 2218 933 2251 careo,
954 2219 1039 2255 quo,
1060 2208 1259 2246 amicorum

96 2260 260 2302 decessu,
279 2258 444 2307 plerique
462 2259 549 2306 angi
566 2258 698 2296 solent.
754 2258 859 2295 Nihil
873 2260 970 2296 enim
989 2261 1075 2298 mali
1086 2262 1261 2299 accidisse

100 2311 261 2362 Scipioni
280 2317 385 2360 puto.
417 2311 511 2348 Mihi
530 2312 674 2357 accidit,
695 2312 725 2349 si
743 2313 833 2361 quid
852 2313 999 2351 accidit.
1038 2314 1122 2352 Suis
1137 2322 1259 2353 autem

97 2364 337 2403 incommodis
372 2365 535 2413 graviter
573 2366 669 2413 angi,
697 2378 773 2403 non
812 2367 979 2413 amicum,
1009 2368 1073 2404 sed
1102 2363 1259 2417 seipsum
