1496 2671
199 158 250 193 26
536 155 806 194 CORNELII
834 154 1079 196 NEPOTIS

198 264 296 301 CAV.
319 264 369 300 V.
433 262 643 313 Spartanis
662 270 857 314 suspectus
876 264 1107 311 Alcibiades,
1127 266 1183 302 ad
1203 263 1386 310 Tissaplca

250 331 377 354 ernem
400 319 508 363 venie,
530 324 565 354 et
584 315 1072 356 Atheniensiumexercitui
1088 319 1332 357 conciliatur.

252 392 401 437 NEQUE
420 406 512 431 vero
531 393 592 431 his
608 395 722 431 rebus
736 400 815 431 tam
830 394 942 431 amici
963 394 1158 433 Alcibiadi
1172 403 1263 433 sunt
1281 395 1387 439 facti,

197 461 312 496 quam
331 448 468 484 timore
489 449 537 485 ab
556 461 600 484 eo
618 449 790 485 alienati.
845 447 957 492 Nam,
977 462 1096 497 quum
1115 449 1291 486 acerrimi
1312 449 1389 486 viri

200 508 457 550 praestantem
473 500 718 550 prudentiam
732 503 772 538 in
786 502 962 539 omnibus
975 503 1089 539 rebus
1101 510 1389 551 cognoscerent,

196 556 480 604 pertimuerunt
495 568 553 599 ne,
564 555 724 592 caritate
739 555 887 604 patriae
900 557 1048 600 ductus,
1058 556 1262 604 aliquando
1271 558 1318 594 ab
1329 557 1388 605 ip·

198 610 250 646 sis
276 609 516 653 descisceret,
537 615 575 646 et
595 622 681 646 cum
702 610 780 645 suis
800 610 839 645 in
858 609 1024 658 gratiam
1042 610 1198 647 rediret.
1253 610 1392 659 Itaque

196 670 348 712 tempus
386 662 468 710 ejus
506 663 763 700 interficiendi
800 675 984 711 quaerere
1019 663 1287 701 instituerunt.
1342 663 1392 700 Id

197 716 393 755 Alcibiadi
413 715 559 753 diutius
578 716 693 754 celari
713 729 790 753 non
810 717 950 765 potuit:
971 725 1052 754 erat
1067 718 1170 754 enim
1185 715 1231 755 ea
1245 717 1391 766 sagaci-

197 779 288 815 tate,
307 777 349 807 ut
369 769 493 819 decipi
515 784 590 807 non
612 777 753 819 posset,
773 772 998 819 praesertim
1014 784 1133 820 quum
1149 772 1319 808 animum
1332 777 1391 808 at·

197 824 382 862 tendisset
397 825 444 861 ad
460 824 685 861 cavendum.
742 824 880 872 Itaque
895 825 942 861 ad
963 824 1261 874 Tissaphernem
1281 836 1393 873 prae·

197 879 342 916 fectum
361 878 465 926 regis
496 875 607 915 Darii
638 890 678 915 se
708 878 905 915 contulit.-
944 877 1067 926 Cujus
1089 891 1209 927 quum
1238 878 1280 915 in
1298 878 1392 915 inti-

199 945 299 969 mam
337 931 546 968 amicitiam
585 931 840 980 pervenisset,
873 937 912 968 et
945 931 1260 977 Atheniensium,
1293 931 1394 970 male

197 986 318 1035 gestis
346 986 388 1021 in
420 985 555 1023 Sicilia
582 986 710 1030 rebus,
749 998 839 1034 opes
869 997 1078 1032 senescere,
1111 991 1245 1023 contra
1272 985 1393 1023 Lace-

198 1039 488 1076 daemoniorum
521 1051 704 1084 crescere,
736 1040 885 1076 videret
893 1054 903 1082 ;
939 1039 1052 1076 initio
1083 1052 1172 1076 eum
1202 1039 1395 1076 Pisandro

198 1100 386 1142 praetore,
405 1093 473 1142 qui
501 1093 604 1141 apud
627 1092 784 1130 Samum
804 1093 1020 1130 exercitum
1045 1094 1223 1138 habebat,
1244 1105 1313 1141 per
1332 1093 1392 1129 in-

200 1147 419 1184 ternuntios
435 1146 675 1194 colloquitur,
690 1153 728 1184 et
744 1147 790 1183 de
806 1147 932 1183 reditu
949 1159 1018 1183 suo
1036 1146 1130 1184 facit
1143 1147 1390 1183 mentionem.

200 1201 298 1238 Erat
318 1201 420 1237 enim
450 1201 583 1238 eodem
601 1213 678 1250 quo
698 1199 923 1237 Alcibiades
952 1212 1081 1246 sensu,
1099 1200 1231 1249 populi
1258 1207 1393 1249 poten-

199 1256 276 1292 tiae
296 1268 373 1292 non
400 1254 558 1299 amicus,
579 1262 616 1291 et
636 1255 864 1303 optimatum
892 1252 1033 1291 fautor.
1091 1255 1157 1291 Ab
1176 1254 1248 1291 hoc
1277 1254 1393 1291 desti-

201 1315 321 1353 tutus,
342 1308 508 1357 primum
530 1321 598 1357 per
619 1307 906 1357 Thrasybulum
928 1306 1023 1356 Lyci
1046 1307 1182 1350 filium,
1203 1309 1252 1345 ab
1281 1320 1393 1345 exer-

201 1363 281 1400 citu
310 1362 508 1411 recipitur,
530 1369 758 1410 praetorque
778 1363 822 1398 fit
841 1361 944 1410 apud
965 1360 1132 1398 Samum.
1188 1361 1294 1406 Post,
1316 1361 1396 1398 suf-

200 1416 378 1465 fragante
417 1415 670 1460 Theramene,
709 1415 910 1464 plebiscito
955 1415 1189 1460 restituitur,
1238 1415 1396 1462 parique

201 1471 338 1507 absens
374 1469 537 1518 imperio
570 1470 793 1518 praeficitur
823 1469 938 1511 simul
970 1481 1058 1506 cum
1092 1468 1338 1518 Thrasybulo
1357 1475 1397 1506 et

203 1522 458 1560 Theramene.
519 1523 669 1560 Horum
685 1523 860 1572 imperio,
878 1529 987 1559 tanta
1002 1524 1251 1560 commutatio
1265 1535 1396 1559 rerum

202 1578 305 1615 sacta
339 1584 408 1622 est,
444 1585 487 1614 ut
523 1577 830 1620 Lacedaemonii,
863 1577 930 1625 qui
964 1576 1078 1625 paulo
1111 1584 1201 1613 ante
1229 1575 1396 1613 victores

203 1633 422 1681 viguerant,
466 1631 675 1679 perterriti,
715 1643 845 1678 pacem
885 1636 1076 1678 peterent.
1145 1629 1254 1666 Victi
1293 1630 1396 1666 enini

203 1691 314 1723 erant
333 1685 505 1734 quinque
526 1684 681 1733 proeliis
701 1684 961 1727 terrestribus,
979 1684 1102 1720 tribus
1122 1683 1341 1726 navalibus;
1356 1683 1397 1719 in

203 1739 344 1788 quibus
364 1739 549 1776 ducentas
569 1750 687 1775 naves
707 1737 884 1774 triremes
904 1737 1125 1781 amiserant,
1144 1749 1243 1785 quae
1262 1743 1397 1785 captae

203 1794 244 1830 iu
257 1793 427 1830 hostium
444 1798 630 1829 venerant
642 1797 884 1840 potestatem.
940 1791 1163 1827 Alcibiades
1179 1791 1294 1827 simul
1309 1803 1398 1827 cum

205 1847 363 1896 collegis
383 1852 580 1895 receperat
609 1845 775 1891 Ioniam,
796 1844 1106 1894 Hellespontum,
1127 1844 1268 1881 multas
1288 1857 1398 1892 prae-

204 1909 310 1938 terea
331 1901 444 1937 urbes
466 1899 648 1944 Graecas,
669 1912 767 1947 quae
787 1898 825 1934 in
847 1895 914 1935 ora
933 1899 1029 1935 sitae
1049 1904 1138 1934 sunt
1153 1896 1283 1942 Asiae,
1305 1909 1396 1945 qua-

205 1967 293 1990 rum
331 1959 653 2003 expugnaverant
691 1952 924 2001 complures;
969 1952 1009 1988 in
1047 1952 1108 1989 his
1144 1951 1396 2001 Byzantium.

206 2008 346 2056 Neque
367 2007 494 2043 minus
511 2007 649 2044 multas
665 2006 822 2043 consilio
841 2006 888 2042 ad
903 2005 1110 2042 amicitiam
1125 2005 1399 2053 adjunxerant,

207 2062 308 2108 quod
345 2061 384 2096 in
424 2067 554 2109 captos
591 2057 794 2098 clementia
831 2059 985 2096 fuerant
1021 2059 1094 2095 usi.
1158 2059 1221 2096 Ita
1256 2056 1400 2107 praeda·

207 2115 347 2159 onusti,
387 2114 620 2162 locupletato
667 2113 852 2158 exercitu,
892 2112 1071 2150 maximis
1113 2113 1229 2150 rebus
1266 2112 1397 2161 gestis,

208 2169 386 2206 Athenas
407 2174 608 2205 venerunt.

230 2287 330 2326 CAP.
360 2287 435 2325 VI.
492 2284 712 2322 Alcibiades
731 2284 820 2321 bene
839 2285 941 2321 domi
959 2290 1136 2335 exceptus
1155 2288 1383 2320 resecratur.

266 2365 344 2401 H1s
364 2375 482 2412 quum
511 2362 664 2399 obviam
693 2361 875 2398 universa
902 2360 1040 2398 civitas
1059 2361 1098 2397 in
1119 2358 1297 2396 Piraeum
1315 2358 1402 2395 des-

212 2419 412 2463 cendisset,
429 2422 537 2454 tanta
556 2415 632 2453 fuit
650 2415 820 2453 omnium
836 2414 1054 2464 expectatio
1067 2413 1215 2451 visendi
1231 2412 1404 2450 Alcibia-
