1496 2671
571 197 896 236 MILTIADES.
1219 254 1221 257 .
1305 198 1327 233 5

142 306 332 344 decrevit:
365 310 519 355 pontem
552 304 644 342 fecit
681 305 719 342 in
760 305 862 342 Istro
895 304 1065 349 flumine,
1081 302 1171 353 ,qua
1203 303 1332 352 copias

145 361 377 398 traduceret.
433 359 531 407 Ejus
564 359 704 408 pontis,
735 359 826 395 dum
858 359 941 406 ipse
965 359 1124 402 abesset,
1156 357 1334 394 custodes

145 413 303 462 reliquit
338 412 546 462 principes,
578 425 674 461 quos
706 425 835 450 secum
865 425 915 449 ex
948 411 1060 448 Ionia
1093 416 1131 448 et
1169 410 1333 447 Aeolide

142 467 325 504 duxerat:
345 466 485 515 quibus
505 466 667 515 singulis
686 466 856 515 ipsarum
874 465 1025 501 urbium
1041 470 1226 514 perpetua
1241 463 1334 500 ded-

145 526 230 558 erat
258 520 434 568 imperia.
492 518 557 557 Sic
589 519 691 557 enim
722 519 887 567 putavit,
918 518 1100 555 facillime
1122 531 1162 555 se
1184 515 1335 555 Graeca

145 574 281 623 lingua
298 573 508 621 loquentes,
529 573 595 621 qui
626 571 759 610 Asiam
784 573 1006 616 incolerent,
1028 573 1099 608 sub
1119 569 1188 608 sua
1206 576 1334 607 reten-

144 633 277 664 turum
305 633 506 675 potestate,
529 627 560 663 si
586 627 718 664 amicis
738 627 816 663 suis
836 626 975 675 oppida
992 625 1136 662 tuenda
1154 624 1336 662 tradidis-

144 686 215 726 set,
236 681 388 729 quibus,
408 693 449 717 se
469 693 660 729 oppresso,
684 680 791 716 nulla
823 691 908 728 spes
938 678 1073 716 salutis
1100 678 1338 725 relinquere-

146 740 222 771 tur.
279 734 327 770 In
354 734 425 771 hoc
452 733 527 770 fuit
555 740 638 771 tum
666 745 827 770 numero
857 732 1064 776 Miltiades,
1085 731 1147 769 cui
1166 731 1232 768 illa
1251 743 1336 768 cus-

147 788 252 825 todia
283 787 515 825 crederetur.
574 788 663 831 Hic,
693 800 813 836 quum
841 786 965 824 crebri
994 785 1181 823 afferrent·
1195 784 1337 827 nuntii,

147 841 246 878 male
265 853 346 878 rem
364 853 499 890 gerere
519 841 694 886 Darium,
716 840 915 889 premique
935 840 982 876 ab
1001 838 1168 884 Scythis,
1189 838 1337 875 Miltia-

146 895 216 932 des
243 895 417 931 hortatus
450 900 509 931 est
540 894 668 943 pontis
698 894 886 938 custodes,
908 905 957 930 ne
980 907 1002 930 a
1024 890 1181 929 fortuna
1210 891 1338 928 datam

146 948 385 986 occasionem
417 948 639 985 liberandae
674 945 863 985 Graeciae
896 947 1152 989 dimitterent3
1188 957 1278 982 nam
1307 945 1339 981 si

147 1014 239 1038 cum
257 1002 317 1039 his
336 1001 468 1050 copiis,
488 1013 583 1049 quas
609 1013 739 1039 secum
767 1004 1108 1050 transportaverat,
1127 998 1339 1036 interiisset

150 1054 306 1098 Darius,
327 1067 405 1091 non
425 1054 549 1092 solum
568 1054 766 1103 Europam
784 1054 867 1092 fore
885 1059 1021 1099 tutam,
1041 1053 1108 1090 sed
1127 1052 1244 1090 etiam
1263 1063 1338 1096 eos,

149 1108 220 1157 qui
234 1107 370 1145 Asiam
384 1108 597 1145 incolerent
615 1106 757 1145 Graeci
776 1119 927 1156 genere,
944 1107 1086 1144 liberos
1100 1119 1122 1143 a
1137 1104 1343 1143 Persarum

150 1161 303 1198 futuros
320 1161 580 1198 dominatione
598 1165 637 1198 et
656 1161 841 1210 periculo:
862 1166 900 1198 et
919 1160 960 1197 id
977 1159 1090 1198 facile
1105 1159 1200 1197 effici
1213 1171 1342 1207 posse;

150 1220 268 1279 ponte
296 1215 400 1253 enim
417 1215 592 1260 rescisso,
612 1227 743 1263 regem
762 1215 825 1252 vel
852 1214 1022 1251 hostium
1040 1212 1155 1258 ferro,
1176 1212 1268 1250 vel
1258 1224 1342 1249 ino-

151 1266 230 1317 pia,
266 1268 398 1317 paucis
435 1268 571 1306 diebus
608 1268 872 1305 interitur.um
929 1266 995 1304 Ad
1031 1267 1104 1304 hoc
1139 1265 1274 1303 consili
1278 1278 1343 1302 um

151 1334 274 1370 quum
300 1322 474 1371 plerique
502 1322 737 1367 accederent,
769 1321 969 1359 Histiaeus
995 1320 1184 1364 Milesius,
1204 1331 1254 1356 ne
1281 1331 1344 1356 res

152 1376 418 1420 conficeretur,
439 1375 600 1420 obstitit,
622 1375 764 1419 dicens,
790 1388 866 1412 non
886 1375 990 1413 idem
1017 1373 1123 1422 ipsis,
1144 1372 1212 1422 qui
1240 1385 1344 1410 sum-

154 1441 235 1465 mas
267 1429 420 1478 imperii
450 1434 637 1473 tenerent,
671 1428 855 1478 expedire
885 1434 924 1466 et
955 1426 1214 1470 multitudini3
1242 1426 1345 1474 quod

155 1480 268 1519 Darii
286 1495 406 1531 regno
425 1482 597 1531 ipsorum
615 1482 805 1520 niteretur
823 1481 1049 1519 dominatio:
1068 1493 1144 1529 quo
1159 1479 1345 1524 extincto,

155 1535 258 1584 ipsos
287 1541 477 1584 potestate
509 1535 690 1584 expulsos
719 1536 871 1573 civibus
897 1536 976 1573 suis
1003 1546 1145 1584 poenas
1173 1533 1345 1571 daturos·

157 1588 295 1637 Itaque
313 1589 407 1626 adeo
427 1601 466 1626 se
485 1590 691 1626 abliorrere
710 1602 733 1626 a
751 1594 965 1626 ceterorum
990 1587 1163 1631 consilio,
1184 1592 1228 1624 ut
1247 1587 1346 1623 nihil

155 1647 267 1691 putet
291 1642 385 1691 ipsis
404 1642 550 1687 utilius,
570 1655 687 1691 quam
705 1643 924 1680 confirmari
942 1654 1106 1691 regnum
1124 1641 1345 1678 Persarum.

158 1694 290 1746 Hujus
308 1708 428 1744 quum
447 1696 678 1733 sententiam
705 1696 864 1745 plurimi
891 1701 1019 1734 essent
1043 1694 1175 1739 secuti,
1199 1694 1346 1731 Miltia-

157 1749 236 1795 des,
257 1762 334 1786 non
352 1749 544 1795 dubitans,
566 1754 645 1786 tam
672 1749 805 1786 multis
833 1750 1006 1795 consciis,
1028 1749 1076 1786 ad
1104 1747 1208 1796 regis
1236 1759 1348 1785 aures

156 1803 318 1840 consilia
345 1815 415 1840 sua
437 1809 681 1852 perventura,
705 1802 988 1841 Chersonesum
1007 1801 1176 1850 reliquit,
1198 1813 1241 1838 ac
1260 1813 1346 1837 rure

159 1868 224 1893 sus
258 1855 434 1894 Athenas
467 1857 713 1905 demigravit:
746 1856 856 1904 cujus
883 1857 982 1894 ratio
1012 1855 1084 1892 etsi
1107 1867 1184 1891 non
1213 1854 1347 1898 valuit,

161 1916 289 1947 tamen
308 1922 540 1959 magnopere
559 1916 616 1947 est
635 1911 844 1953 laudanda3
862 1923 981 1958 quum
1002 1908 1160 1946 amicior
1177 1908 1349 1945 omnium

160 1963 346 2016 libertati,
362 1976 479 2011 quam
497 1976 587 2001 suae
608 1962 725 2001 fuerit
745 1964 1011 2000 dominationi.

165 2103 267 2141 CAP.
301 2104 374 2141 IV.
427 2103 559 2146 Dario
587 2116 674 2152 reye
708 2105 750 2140 in
793 2104 961 2140 Graecos
998 2108 1176 2147 movente,
1215 2107 1352 2138 auctor

336 2158 414 2194 suis
431 2164 487 2194 est
507 2157 712 2202 Miltiades,
731 2163 776 2193 ut
793 2157 943 2194 obviam
962 2156 1061 2194 hosti
1077 2162 1177 2193 eant.

220 2231 381 2270 DAmus
406 2239 545 2275 autem,
565 2246 683 2282 quum
703 2245 754 2270 ex
773 2233 932 2282 Europa
949 2233 990 2269 in
1010 2232 1145 2270 Asiam
1164 2231 1352 2275 rediisset,

164 2286 408 2323 'hortantibus
443 2287 588 2332 amicis,
626 2293 669 2323 ut
708 2285 914 2324 Graeciam
951 2287 1144 2335 redigeret
1170 2287 1212 2322 in
1245 2297 1354 2321 suam

166 2344 405 2388 potestatem,
427 2340 583 2377 classem
601 2341 898 2389 quingentarum
919 2341 1077 2377 navium
1105 2338 1352 2387 comparavit,

165 2393 281 2441 eique
296 2393 427 2429 Datim
444 2392 637 2440 praefecit,
655 2401 691 2430 et
708 2393 993 2442 Artaphernem
1009 2409 1018 2436 3
1037 2393 1175 2441 hisque
1191 2392 1355 2429 ducenta,

167 2447 340 2496 peditum
370 2446 489 2482 millia.
518 2453 556 2483 et
576 2447 704 2484 decem
725 2448 898 2495 equitum
919 2447 1038 2484 dedit:
1059 2458 1211 2483 causam
1231 2445 1353 2482 inter=
