1496 2671
276 117 326 155 30
567 118 771 169 LAELIUS
799 119 872 157 DF
898 119 1161 167 AMICI'HA.

523 224 712 265 Obsequium
728 226 854 266 amicos,
870 227 982 259 veritas
996 227 1102 265 odium
1115 224 1206 268 parit.

279 280 440 318 Molesta
459 280 607 327 veritas,
637 282 668 319 si
687 283 835 331 quidem
855 297 901 322 ex
920 297 965 321 ca
982 284 1146 327 nascitur
1165 280 1292 322 odium
1311 293 1325 328 3v
1350 281 1450 331 quod

272 340 327 373 est
345 347 530 371 venenum
550 335 721 373 amicitiae
742 350 751 374 :
781 338 846 375 sed
865 338 1081 386 obsequium
1105 335 1227 375 multo
1246 333 1449 385 molestius,

277 388 388 438 quod,
407 388 569 438 peccatis
587 389 797 439 indulgens,
817 392 1046 441 praecipitem
1065 390 1223 433 amicum
1241 387 1331 426 ferri
1347 388 1449 435 sinit.

277 441 441 478 Maxima
460 447 585 480 autem
605 443 714 494 eulpa
729 445 770 481 in
787 458 831 482 eo
845 450 912 491 est,
929 445 992 493 qui
1011 449 1049 482 et
1063 444 1255 482 veritatem
1276 454 1449 492 asperna-

278 503 351 540 tur,
373 500 411 533 ct
431 496 470 532 in
485 496 653 534 fraudem
665 498 840 546 obsequio
859 498 1074 547 impellitur.
1112 496 1227 534 Omni
1245 496 1362 545 igitur
1380 494 1450 545 hac

274 550 314 586 in
333 561 373 586 re
390 549 563 588 habenda
580 551 676 589 ratio
696 557 734 590 et
753 553 946 601 diligentia
967 559 1023 590 est
1043 565 1051 589 :
1080 551 1251 601 primum,
1271 554 1312 593 ut
1331 549 1450 596 moni-

279 603 332 640 tio
352 603 566 651 acerbitate,
587 604 723 642 deinde
753 605 964 654 objurgatio
984 603 1208 651 contumelia
1225 610 1350 651 careat
1372 617 1382 642 ε
1409 603 1448 640 in

278 658 441 706 obsequio
480 662 603 696 autem
639 656 828 709 (quoniam
867 659 1095 702 Terentiano
1132 657 1246 695 verbo
1276 656 1452 705 lubenter

281 710 436 762 utimur)
476 712 629 750 comitas
662 712 760 750 adsit
776 727 783 750 :
819 713 1032 759 assentatio,
1061 711 1237 762 vitiorum
1273 710 1449 760 adjutrix,

275 765 404 813 procul
423 771 637 804 amoveatur
657 780 664 804 :
696 778 776 814 quae
795 779 872 804 non
893 767 1004 804 modo
1032 766 1163 811 amico,
1184 764 1249 802 sed
1267 776 1316 802 ne
1333 764 1452 810 libero

276 819 425 866 quidem
445 819 560 867 digna
578 825 648 857 est.
682 820 805 858 Aliter
824 821 922 858 enim
941 833 1025 859 cum
1045 827 1219 870 tyranno,
1240 818 1348 856 aliter
1366 830 1447 861 cum

276 872 393 909 amico
413 873 562 911 vivitur.
619 873 683 912 90.
715 873 830 923 Cujus
858 880 983 913 autem
1011 886 1118 912 aures
1145 871 1293 915 veritati
1313 872 1447 911 clausae

279 930 376 971 sunt,
412 932 453 963 ut
485 927 532 963 ab
559 927 676 964 amico
704 941 831 965 verum
860 929 989 966 audire
1017 932 1187 976 nequeat,
1215 925 1326 976 hujus
1353 926 1451 970 Salus

274 979 503 1028 desperanda
523 985 592 1019 est.
623 981 762 1019 Scitum
778 988 833 1020 est
848 982 944 1020 enim
960 982 1054 1019 illud
1068 980 1233 1025 Catonis,
1250 983 1292 1019 ut
1309 981 1452 1026 multas

275 1033 409 1070 Melius
429 1033 476 1070 de
495 1034 713 1082 quibusdam
733 1037 885 1074 acerbos
903 1036 1073 1074 inimicos
1092 1033 1238 1081 mereri,
1256 1046 1366 1082 quam
1385 1047 1450 1073 eos

273 1088 421 1133 amicos,
439 1088 502 1136 qui
521 1088 649 1126 dulces
669 1089 867 1128 videantur
888 1104 896 1128 :
926 1090 1010 1128 illos
1036 1102 1165 1128 verum
1193 1099 1291 1138 saepe
1309 1089 1444 1134 dicere,

273 1140 338 1177 hos
358 1153 561 1190 nunquam.
619 1144 745 1191 Atque
764 1144 856 1180 illud
884 1144 1084 1182 absurdum
1106 1149 1175 1190 est,
1195 1142 1295 1192 quod
1322 1143 1363 1190 ii,
1383 1143 1448 1193 qui

274 1201 483 1242 monentur,
513 1209 594 1233 cam
621 1197 840 1243 molestiam,
879 1211 989 1247 quam
1025 1198 1164 1235 debent
1200 1208 1342 1245 capere,
1371 1208 1448 1238 non

273 1249 423 1298 capiunt
440 1263 448 1287 :
479 1262 560 1287 eam
598 1251 760 1300 capiunt,
797 1264 869 1300 qua
905 1252 1044 1289 debent
1072 1263 1212 1288 vacare.
1270 1250 1448 1293 Peceasse

269 1303 366 1339 enim
388 1315 436 1348 se,
459 1316 535 1341 non
555 1310 744 1354 anguntur
761 1319 768 1349 ;
786 1305 988 1354 objurgari,
1006 1305 1160 1343 moleste
1173 1305 1324 1344 serunt:
1345 1305 1444 1353 quod

274 1362 406 1394 eontra
431 1358 651 1407 oportebat.;
683 1359 818 1396 delicto
838 1359 978 1405 dolere,
998 1358 1228 1397 correctione
1241 1358 1416 1408 gaudere.

322 1410 447 1446 XXV.
470 1406 541 1449 91.
574 1411 628 1449 Ut
645 1412 760 1461 igitur
789 1418 826 1450 et
854 1425 1006 1450 monere
1025 1417 1063 1450 et
1090 1412 1234 1450 moneri
1252 1411 1443 1463 proprium

269 1469 325 1500 est
344 1477 440 1501 verae
460 1464 631 1503 amicitiae
647 1479 655 1509 ;
678 1471 715 1503 et
734 1466 893 1504 alterum
913 1466 1030 1505 libere
1043 1466 1177 1512 facere,
1197 1479 1275 1511 non¹
1294 1477 1442 1516 aspere;

269 1517 426 1554 alterum
446 1519 631 1568 patienter
645 1519 822 1569 accipere,
843 1533 920 1558 non
938 1525 1192 1570 repugnanter
1207 1532 1217 1557 ι
1237 1520 1289 1558 sic
1305 1519 1446 1560 haben·

269 1570 358 1607 dum
373 1578 439 1616 est,
460 1572 599 1609 nullam
620 1573 658 1609 in
679 1574 850 1611 amicitiis
868 1579 1009 1623 pestem
1025 1587 1103 1612 esse
1122 1573 1312 1624 majorem,
1331 1585 1440 1623 quam

270 1625 533 1672 adulationem,
555 1626 786 1673 blanditiam,
807 1627 1108 1666 assentationem.
1150 1627 1329 1673 Quamvis
1343 1626 1440 1665 enim

271 1679 395 1716 multis
414 1680 627 1717 nominibus
655 1688 711 1719 est
728 1681 797 1718 hoc
815 1682 946 1719 vitium
966 1681 1185 1728 notandum,
1213 1682 1349 1720 levium
1374 1680 1443 1719 ho-

267 1732 411 1769 minum
453 1739 565 1782 atque
604 1734 801 1781 fallacium,
849 1737 897 1773 ad
937 1736 1168 1774 volunt-atem
1208 1735 1440 1785 loquentium

273 1787 408 1832 omnia,
438 1787 526 1824 nihil
548 1788 594 1825 ad
624 1789 834 1828 veritatem.
891 1789 955 1828 92.
985 1790 1113 1835 Quum
1130 1795 1254 1828 autem
1274 1788 1440 1832 omnium

268 1852 392 1877 rerum
412 1841 601 1880 simulatio
620 1847 675 1880 est
702 1844 846 1888 vitiosa,
879 1841 996 1894 (tollit
1014 1843 1111 1881 enim
1135 1843 1323 1892 judicium,
1346 1842 1437 1887 veri,

268 1893 381 1943 idque
398 1895 614 1947 adulte1·at,)
637 1902 716 1934 tum
736 1897 907 1935 amicitiae
927 1901 1104 1948 repugnat
1123 1897 1296 1934 maxime.
1326 1895 1440 1934 Delet

268 1949 366 1985 enim
393 1949 598 1996 veritatem,
637 1951 715 1988 sine
746 1964 819 2000 qua
855 1964 990 1989 nomen
1016 1950 1186 1988 amicitiae
1214 1951 1337 1997 valere
1362 1961 1439 1987 non

268 2006 402 2049 potest.
459 2003 556 2040 Nam
576 2017 689 2053 quum
710 2005 879 2043 amicitiae
897 2005 951 2042 vis
970 2004 1018 2043 sit
1035 2004 1074 2041 in
1093 2016 1150 2049 eo,
1168 2008 1212 2042 ut
1229 2016 1325 2043 unus
1336 2003 1439 2052 quasi

264 2055 406 2093 animus
420 2057 486 2094 fiat
505 2070 550 2095 ex
570 2059 759 2108 pluribus:
781 2059 842 2108 qui
859 2059 900 2096 id
916 2058 998 2096 fieri
1015 2058 1168 2108 poterit,
1188 2058 1218 2095 si
1237 2071 1285 2096 ne
1301 2057 1343 2105 in
1360 2069 1440 2096 uno

267 2109 415 2156 quidem
437 2123 581 2160 quoque
596 2125 691 2150 unus
717 2113 860 2150 animus
887 2112 959 2150 erit
984 2112 1158 2160 idemque
1184 2124 1340 2162 semper,
1369 2111 1436 2149 sed

264 2163 397 2208 varius,
419 2166 702 2212 commutabilis,
722 2165 917 2215 multiplex
936 2166 954 2204 P
985 2165 1044 2203 93.
1075 2165 1177 2211 Quid
1196 2165 1300 2203 enim,
1313 2169 1436 2216 potest

263 2228 343 2254 esse
370 2221 446 2254 tam
476 2218 648 2265 flexibile,
671 2225 747 2258 tam
774 2220 935 2266 devium,
964 2232 1071 2269 quam
1092 2220 1236 2265 animus
1255 2219 1345 2270 ejus,
1373 2218 1439 2269 qui

263 2269 310 2307 ad
329 2270 481 2312 alterius
508 2285 583 2309 non
603 2273 714 2310 modo
733 2286 881 2311 sonsum
910 2286 952 2311 ac
971 2273 1219 2322 voluntatem,
1239 2273 1305 2312 sed
1323 2273 1435 2322 etiam

264 2323 407 2362 vultum
427 2330 539 2375 atque
558 2332 689 2365 nutum
709 2328 939 2366 convertitur
958 2328 977 2365 P

258 2402 366 2444 Negat
393 2404 490 2444 quis?
529 2415 635 2447 nego:
660 2406 731 2437 ait?
769 2407 839 2439 aio:
863 2411 1015 2448 postremo
1042 2407 1190 2448 imperavi
1216 2409 1337 2448 egomet
1363 2403 1440 2436 mihi

259 2445 369 2476 Omnia
387 2448 534 2479 assentari
548 2461 554 2479 :
