1496 2671
428 117 592 156 LIBER
623 113 894 164 QUARTUS.
1194 120 1245 159 53

79 230 172 268 aliae
197 229 236 266 in
263 232 400 267 terram
437 224 629 271 demissae,
673 225 854 275 quidquid
878 226 1031 264 ,obvium
1057 227 1255 266 concitatis

78 283 180 332 equis
206 281 346 324 fuisset,
367 283 636 328 amputaturae.

126 333 287 374 XXXV.
317 332 404 370 Hoc
421 332 533 369 modo
561 331 743 370 instructo
763 333 928 371 exercitu
948 346 990 371 ac
1017 341 1241 383 perarmato,

78 388 269 439 Babylone
288 385 412 436 copias
430 385 561 423 movit.
615 385 650 421 A
670 390 776 435 parte
795 385 928 424 dextra
942 392 1021 425 erat
1035 387 1168 437 Tigris,
1180 402 1248 427 no-

75 443 158 480 bilis
175 441 333 484 fluvius3
363 439 505 477 laevam
525 439 678 487 tegebat
697 438 932 487 Euphrates:
962 453 1096 489 agmen
1124 443 1245 482 Meso-

74 494 258 546 potamiae
293 502 442 543 campos
473 493 702 542 impleverat.
761 492 866 541 Tigri
893 493 1030 531 deinde
1057 503 1240 545 superato,

71 561 183 598 quum
201 547 381 592 audisset,
401 546 503 584 haud
530 546 659 596 procul
679 546 806 583 abesse
833 545 989 592 hostem,
1013 547 1246 598 Satropatem

70 602 236 650 equitum
282 600 512 650 praefectum
560 612 642 637 cum
698 599 799 636 mille
845 600 997 639 delectis
1041 604 1245 650 praemisit.

78 656 230 693 Mazaeo
247 654 412 704 praetori
431 666 495 691 sex
514 653 629 691 millia
647 653 747 699 data,
768 653 901 701 quibus
920 654 1064 692 hostem
1085 658 1245 695 transitu

71 709 189 747 amnis
215 713 382 746 arceret:
411 707 531 745 eidem
557 707 785 751 mandatum,
825 712 866 746 ut
901 708 1102 757 regionem,
1133 723 1242 759 quam

73 762 291 800 Alexander
324 766 422 800 esset
453 761 633 806 aditurus,
671 760 911 810 popularetur
947 767 1059 810 atque
1090 770 1213 802 ureret
1236 778 1245 809 3

70 816 205 866 quippe
223 815 398 853 credebat
425 814 551 864 inopia
569 814 748 852 debellari
773 827 880 863 posse
907 815 1000 852 nihil
1027 815 1239 862 habentem,

74 870 145 907 nisi
163 869 263 919 quod
289 868 468 918 rapiendo
495 872 734 918 occupasset:
764 867 834 916 ipsi
862 874 986 907 autem
1014 877 1242 909 commeatus

74 923 136 960 alii
163 928 273 968 terra,
312 923 373 959 alii
403 921 509 971 Tigri
541 934 649 959 amne
676 921 989 960 subvehebantur.
1044 922 1129 960 Jam
1159 937 1241 974 per-

68 982 219 1015 venerat
238 977 286 1014 ad
313 975 453 1014 Arbela
480 975 612 1020 vicum,
642 974 803 1012 nobilem
833 987 897 1012 sua
915 976 1020 1013 clade
1047 976 1238 1016 facturus:

69 1030 128 1068 hic
147 1034 418 1068 commeatuum
445 1029 742 1076 sarcinarumque
769 1028 908 1078 majore
935 1037 1041 1079 parte
1059 1030 1239 1080 deposita,

69 1084 214 1134 Lycum
233 1095 378 1125 amnem
403 1087 518 1132 ponte
539 1081 679 1131 junxit,
700 1086 738 1119 et
757 1094 823 1131 per
853 1082 932 1120 dies
950 1083 1122 1132 quinque,
1143 1085 1236 1122 sicut

68 1142 155 1176 ante
183 1136 415 1186 Euphraten,
450 1135 597 1184 trajecit
627 1135 840 1173 exercitum.
915 1136 1009 1174 Inde
1045 1138 1236 1187 octoginta

67 1191 142 1228 fere
183 1190 303 1228 stadia
331 1201 558 1239 progressus,
592 1188 640 1225 ad
682 1188 839 1226 alterum
871 1201 1028 1236 amnem,
1068 1190 1238 1229 Bumado

66 1256 202 1281 nomen
219 1248 286 1288 est,
307 1249 428 1281 castra
446 1242 581 1291 posuit.
629 1241 853 1291 Opportuna
871 1244 1101 1293 explicandis
1120 1246 1235 1295 copiis

67 1297 171 1347 regio
199 1302 289 1342 erat,
311 1295 520 1344 equitabilis
538 1301 578 1334 et
589 1301 694 1333 vasta
712 1296 883 1344 planities
900 1310 907 1334 :
938 1309 986 1334 ne
1003 1297 1136 1348 stirpes
1155 1300 1237 1348 qui-

67 1351 151 1388 dem
171 1356 208 1389 et
235 1351 361 1388 brevia
389 1349 551 1398 virgulta
570 1349 741 1399 operiunt
769 1349 887 1386 solum
908 1363 917 1388 z
946 1351 1113 1400 liberque
1133 1365 1237 1401 pros-

66 1410 193 1454 pectus
212 1404 403 1442 oculorum
431 1409 468 1441 et
487 1403 535 1440 ad
554 1415 595 1440 ea
615 1415 708 1452 quae
735 1403 863 1452 procul
883 1416 1065 1443 recessere
1083 1407 1235 1455 permit-

68 1458 189 1496 titur:
226 1457 353 1507 itaque
385 1457 415 1494 si
443 1470 515 1506 qua
540 1457 660 1506 campi
687 1456 913 1504 eminebant,
935 1457 1048 1507 jussit
1076 1461 1235 1507 aequari.

68 1517 263 1559 totumque
280 1511 468 1559 fastigium
487 1510 655 1548 extendi.

121 1564 304 1602 XXXVI.
333 1564 561 1608 Alexandro,
601 1564 663 1612 qui
699 1577 894 1602 numerum
923 1565 1112 1614 copiarum
1141 1568 1232 1617 ejus,

66 1624 248 1668 quantum
281 1616 446 1669 [procul]
469 1617 667 1666 conjectari
688 1623 871 1667 poterant,
893 1619 1152 1667 aestimabant,
1174 1623 1237 1659 vix

65 1673 234 1710 fecerunt
251 1671 376 1717 fidem,
404 1676 463 1709 tot
491 1670 652 1725 millibus
670 1672 796 1717 caesis,
825 1672 981 1721 majores
1008 1673 1131 1724 copias
1160 1688 1239 1713 esse

65 1729 267 1775 reparatas.
324 1724 501 1763 Ceterum
521 1724 641 1762 omnis
661 1725 825 1774 periculi,
855 1733 893 1764 et
922 1727 1082 1765 maxime
1110 1729 1237 1767 multi-

64 1779 204 1817 tudinis
222 1782 469 1829 contemptor,
499 1778 703 1816 undecimis
731 1779 861 1817 castris
887 1780 1057 1829 pervenit
1084 1782 1130 1819 ad
1162 1782 1238 1818 Eu-

68 1833 249 1881 phraten:
280 1844 355 1882 quo
374 1832 552 1882 pontibus
563 1831 708 1881 juncto,
730 1833 871 1881 equites
891 1834 1029 1882 primos
1057 1835 1121 1880 ire,
1143 1836 1234 1884 pha-

68 1887 213 1935 langem
226 1885 328 1934 sequi
340 1885 475 1936 jubet;
506 1886 670 1931 Mazaeo,
691 1887 752 1934 qui
771 1886 819 1923 ad
837 1886 1081 1924 inhibendum
1097 1891 1232 1926 transi-

68 1946 148 1977 tum
176 1940 266 1989 ejus,
295 1951 378 1977 cum
416 1952 481 1978 sex
509 1939 669 1977 millibus
706 1940 871 1989 equitum
900 1947 1121 1987 occurrerat,
1160 1955 1237 1981 non

70 2006 158 2030 auso
193 1993 397 2042 periculum
434 1993 491 2030 sui
526 1993 657 2031 facere.
707 1993 836 2031 Paucis
880 1994 1027 2039 deinde,
1070 2008 1147 2033 non
1189 1998 1234 2033 ad

68 2047 240 2095 quietem,
269 2047 333 2084 sed
352 2047 400 2084 ad
417 2047 641 2096 reparandos
660 2047 814 2093 animos,
835 2047 965 2086 diebus
991 2048 1088 2086 datis
1115 2050 1238 2095 militi,

68 2108 217 2138 strenue
242 2100 386 2138 hostem
414 2100 556 2150 insequi
594 2101 744 2150 coepit3
773 2106 942 2139 metuens
977 2114 1024 2139 ne
1060 2103 1237 2141 interiora

68 2154 174 2202 regni
192 2153 248 2190 sui
265 2158 420 2202 peteret,
440 2154 724 2204 sequendusque
751 2160 847 2192 esset
865 2168 930 2204 per
948 2155 1027 2192 loca
1047 2157 1149 2193 omni
1177 2171 1235 2195 so-

67 2207 227 2245 litudine
254 2212 367 2255 atque
385 2207 509 2256 inopia
527 2213 643 2245 vasta.
700 2208 822 2257 Igitur
850 2214 982 2258 quarto
1011 2209 1072 2247 die
1092 2218 1238 2260 praeter

67 2260 208 2298 Arbela
234 2264 405 2309 penetrat
424 2261 471 2297 ad
499 2261 655 2309 Tigrim.
712 2262 810 2300 Tota
838 2262 941 2311 regio
968 2262 1063 2300 ultra
1091 2276 1233 2302 amnem

66 2314 204 2352 recenti
233 2314 399 2351 fumabat
434 2313 630 2351 incendio:
660 2315 794 2365 quippe
832 2316 1014 2362 Mazaeus,
1035 2330 1234 2366 quaecum-

64 2381 135 2418 que
155 2368 307 2413 adierat,
324 2367 422 2407 haud
441 2380 544 2405 secus
563 2380 672 2417 quam
691 2369 807 2408 hostis
826 2370 967 2408 urebat.
1024 2371 1081 2408 Ac
1100 2372 1235 2420 primo,

602 2429 678 2475 EQ
