1496 2671
163 197 213 234 34
483 197 752 236 CORNELII
782 198 1026 237 NEPOTIS

161 303 264 342 CAP.
294 305 343 342 V.
401 305 700 353 Epaminondae
728 306 830 343 dicta
865 313 1006 354 arquta
1045 313 1179 344 contra
1221 306 1351 346 Mene-

683 360 830 398 elidem.

213 435 319 472 FUIT
354 441 392 472 et
425 436 601 479 disertus,
637 444 679 473 ut
708 449 820 473 nemo
853 436 1062 473 Thebanus
1092 437 1126 474 ei
1156 450 1225 486 par
1253 444 1354 475 esset

160 487 393 537 eloquentia,
412 502 537 538 neque
557 490 684 526 minus
704 490 914 527 concinnus
933 490 973 525 in
992 491 1181 528 brevitate
1196 504 1352 539 respon-

159 543 288 588 dendi,
317 556 433 591 quam
468 544 508 579 in
547 546 735 592 perpetua
771 544 944 580 oratione
975 550 1144 580 ornatus.
1202 545 1354 582 Habuit

159 597 454 634 obtrectatorem
484 597 743 634 Meneclidem
772 598 974 645 quendam,
995 597 1164 634 indidem
1192 597 1350 643 Thebis,

158 658 198 686 et
218 651 482 688 adversarium
501 651 542 687 in
559 648 862 688 administranda
875 648 1083 699 republica,
1097 652 1190 688 satis
1202 653 1352 689 exerci-

157 710 282 740 tatum
314 705 356 740 in
387 705 560 749 dicendo,
582 711 626 741 ut
655 704 885 741 Thebanum
914 704 1078 748 scilicet3
1111 716 1275 753 namque
1293 705 1352 741 illi

158 758 267 806 genti
287 758 373 806 plus
393 758 493 795 inest
513 758 655 794 virium
682 760 796 807 quam
826 758 985 807 ingenii.
1043 758 1094 803 Is,
1116 759 1216 806 quod
1243 759 1284 795 in
1310 771 1352 795 re

157 811 318 848 militari
348 812 488 849 florere
514 811 822 860 Epaminondam
848 812 1016 856 videbat,
1037 812 1182 849 hortari
1204 811 1352 849 solebat

159 864 378 910 Thebanos,
400 872 444 902 ut
463 878 596 913 pacem
615 866 716 903 bello
735 864 985 909 anteferrent,
1001 877 1050 902 ne
1068 865 1173 902 illius
1186 866 1351 914 impera-

158 919 254 955 toris
286 931 405 967 opera
435 919 730 956 desideraretur.
790 919 895 956 Huic
923 918 1018 955 ille:
1046 918 1182 963 Fallis,
1209 919 1351 967 inquit,

157 971 272 1008 vero
300 974 399 1009 cives
427 978 521 1017 ticos,
551 974 657 1021 quod
681 972 748 1009 lzos
777 985 801 1008 a
831 971 925 1009 bello
953 984 1123 1015 avocas;
1157 973 1226 1008 otii
1251 973 1352 1009 enim

157 1026 309 1062 nomine
327 1025 548 1062 servitutem
567 1025 762 1062 concilias.
851 1025 927 1063 *am
950 1026 1112 1075 paritur
1123 1038 1210 1075 pam
1228 1024 1324 1062 bello
1338 1041 1351 1068 ,-

157 1080 298 1128 itaque,
319 1081 389 1129 qui
405 1077 450 1116 ea
478 1078 630 1116 diutina
658 1079 910 1127 volunt-frui,
931 1079 1027 1116 bello
1053 1080 1251 1116 emer-citati
1276 1091 1352 1115 esse

157 1132 304 1171 debent.
369 1132 502 1177 Quare
529 1134 563 1169 si
581 1135 781 1183 principes
815 1133 1002 1170 Graeciae
1027 1145 1103 1168 esse
1120 1131 1246 1178 vultis,
1267 1145 1350 1169 cas-

157 1187 228 1222 tris
246 1193 302 1223 est
319 1186 423 1224 vobis
437 1188 634 1232 utendum,
646 1200 723 1224 non
740 1185 954 1236 palaestra.
1009 1186 1119 1223 Idem
1134 1186 1200 1224 ille
1216 1187 1352 1223 Mene-

157 1240 277 1278 clides
309 1254 430 1289 quum
462 1241 552 1278 huic
578 1240 776 1290 objiceret,
801 1241 904 1289 quod
921 1241 1063 1277 liberos
1082 1252 1160 1277 non
1178 1240 1350 1284 haberet,

157 1306 282 1342 neque
310 1307 472 1332 uxorem
501 1295 687 1340 duxisset,
707 1296 950 1342 maximeque
974 1293 1229 1339 insolentiam,
1251 1295 1352 1341 quod

158 1348 233 1384 sibi
252 1348 558 1397 Agamemnonis
579 1349 666 1385 belli
687 1348 849 1395 gloriam
878 1348 1077 1385 videretur
1105 1354 1349 1384 consecutus:

158 1408 197 1438 at
216 1401 292 1445 ille,
315 1400 468 1446 Desine,
490 1402 632 1449 inquit,
654 1401 877 1446 Meneclide,
896 1401 942 1436 de
961 1412 1080 1436 uxore
1105 1400 1197 1436 mihi
1215 1412 1350 1449 eapro-

157 1454 298 1498 brare;
327 1467 420 1491 nam
452 1455 596 1492 nullius
629 1456 670 1491 in
696 1453 769 1491 ista
797 1467 839 1490 re
858 1456 984 1491 minas
1003 1454 1062 1490 uti
1079 1453 1236 1491 consilio
1253 1453 1351 1490 volo.

158 1508 340 1546 Habebat
355 1509 459 1546 enim
476 1509 711 1546 Meneclides
727 1509 984 1557 suspicionem
1000 1507 1192 1545 adulterii.
1240 1506 1355 1550 Quod

157 1568 285 1598 autem
321 1575 380 1598 me
412 1563 739 1610 Ayamemnonem
778 1561 971 1598 aemulari
1004 1567 1133 1610 putas,
1161 1559 1352 1611 falleris,-

157 1628 324 1665 namqae
351 1615 414 1652 ille
443 1629 529 1652 cum
557 1614 737 1652 universa
774 1613 942 1652 Graecia
974 1615 1039 1650 vix
1075 1614 1200 1651 decem
1237 1615 1352 1650 annis

157 1682 276 1706 unam
295 1670 396 1719 cepit
413 1669 554 1716 urbem,
576 1683 642 1716 eqo
662 1675 809 1712 contra,
832 1681 877 1704 ex
895 1666 977 1704 una
995 1666 1090 1703 urbe
1107 1666 1251 1712 nostra,
1272 1668 1351 1704 die-

156 1735 230 1771 que
275 1736 365 1769 ano,
404 1729 521 1760 totam
575 1723 792 1767 Graeciam,
833 1721 1148 1758 Lacedaemoniis
1179 1721 1350 1770 fayatis,

157 1776 335 1813 liberavi.

159 1939 259 1978 CAP.
295 1941 369 1978 VI.
425 1940 726 1991 Epaminondae
763 1941 866 1977 dicta
899 1945 1035 1976 contra
1070 1938 1349 1984 Callistratum,

465 1995 629 2031 maxime
647 2000 782 2031 contra
808 1996 1041 2043 Spartanos.

210 2080 323 2117 IDEM
341 2093 460 2129 quum
480 2075 771 2118 inconventum
793 2079 963 2117 venisset
976 2079 1186 2123 Arcadum,
1203 2085 1349 2128 petens,

157 2140 201 2171 ut
230 2134 450 2171 societatem
478 2146 566 2171 cum
589 2134 784 2170 Thebanis
803 2140 841 2170 et
865 2134 1022 2180 Argivis
1043 2133 1230 2176 facerent3
1258 2145 1349 2170 con-

157 2195 294 2236 traque
315 2187 572 2231 Callistratus,
595 2188 895 2224 Atheniensium
911 2187 1072 2236 legatus,
1089 2187 1153 2234 qui
1170 2187 1349 2234 eloquen-

157 2242 215 2278 tia
242 2254 373 2278 omnes
401 2253 446 2278 eo
471 2242 689 2290 praestabat
709 2248 892 2289 tempore,
914 2241 1135 2288 postularet,
1158 2248 1201 2277 ut
1221 2241 1351 2290 potius

159 2295 366 2332 amicitiam
397 2301 650 2343 sequerentur
685 2294 921 2339 Atticorum,
947 2301 986 2330 et
1018 2295 1058 2330 in
1082 2294 1254 2331 oratione
1280 2296 1350 2330 sua

158 2349 279 2386 multa
298 2349 473 2386 invectus
493 2355 592 2385 esset
611 2348 651 2383 in
674 2348 879 2385 Thebanos
899 2354 936 2384 et
958 2347 1140 2396 Argivos,
1158 2348 1198 2383 in
1218 2348 1349 2396 eisque

161 2402 232 2439 hoc
265 2402 465 2452 posuisset,
486 2401 795 2438 animadvertere
827 2400 960 2437 debere
989 2401 1183 2445 Arcadas,
1216 2399 1350 2449 quales

159 2461 326 2506 utraque
353 2457 486 2493 civitas
516 2456 614 2492 cives
637 2454 886 2506 procreasset,
909 2468 954 2492 etc
981 2454 1118 2504 quibus
1145 2454 1191 2490 de
1218 2455 1349 2490 ceteris
