1496 2671
185 214 235 249 10
520 211 567 250 C.
597 210 751 250 JULII
781 210 1039 251 CAESARIS

179 331 322 369 ponere
342 318 475 368 posse?
514 317 626 365 Quod
646 317 716 357 sua
734 318 897 357 victoria
912 324 991 357 tam
1003 318 1212 357 insolenter
1229 319 1372 368 gloria-

179 379 326 416 rentur,
359 373 536 422 quodque
565 379 644 410 tam
672 373 738 410 diu
771 386 812 411 se
849 374 1007 422 impune
1041 372 1206 421 injurias
1237 373 1372 411 tulisse

178 427 478 469 admirarentur,
508 426 640 463 eodem
668 427 876 475 pertinere:
906 439 1110 464 consuesse
1129 426 1233 463 enim
1267 426 1372 464 Deos

179 480 426 524 immortales,
466 492 543 529 quo
579 480 738 529 gravius
774 481 949 517 homines
987 492 1037 517 ex
1074 480 1372 517 commutatione

179 545 308 570 rerum
330 533 494 579 doleant,
516 546 612 582 quos
631 546 700 582 pro
735 534 878 571 scelere
903 546 1034 570 eorum
1069 533 1203 571 ulcisci
1235 533 1369 578 velint,

179 587 240 623 his
260 587 503 624 secundiores
522 588 717 625 interdum
736 599 797 624 res
826 593 865 624 et
893 586 1174 623 diuturniorem
1201 587 1373 636 impuni-

178 646 299 677 tatem
319 641 538 678 concedere.
598 639 728 686 Quum
748 653 793 678 ea
820 641 875 677 ita
896 640 984 683 sint,
1005 646 1148 684 tamen,
1167 640 1200 677 si
1219 640 1372 677 obsides

179 694 228 730 ab
248 694 296 731 iis
317 694 390 730 sibi
411 695 561 738 dentur,
583 694 641 730 uti
661 706 717 739 ea,
738 706 822 741 quae
843 693 1105 742 polliceantur,
1126 693 1294 730 facturos
1311 693 1371 729 in—

178 747 330 796 telligat
352 762 361 790 ;
390 754 429 784 et
458 748 489 784 si
512 747 655 784 AEduis
690 748 736 784 de
765 747 932 795 injuriis,
955 759 1050 795 quas
1068 747 1163 795 ipsis
1183 746 1373 794 sociisque

178 813 311 837 eorum
329 801 547 845 intulerint,
562 801 655 837 item
676 801 706 838 si
721 798 999 850 Allobrogibus
1020 799 1271 846 satisfaciant,
1290 812 1373 838 sese

176 867 265 891 cum
285 854 380 902 ipsis
402 866 534 902 pacem
555 866 637 891 esse
657 854 865 891 facturum.
922 852 1063 891 Divico
1076 853 1289 903 respondit:
1310 853 1373 890 Ita

179 907 384 945 Helvetios
403 920 426 944 a
444 906 655 955 majoribus
684 908 766 945 suis
799 907 1000 945 institutos
1029 918 1121 952 esse,
1144 906 1202 944 uti
1221 906 1372 944 obsides

177 961 363 1009 accipere,
386 973 463 996 non
496 961 589 997 dare
617 961 855 999 consuerint:
884 960 968 1010 ejus
1000 961 1057 999 rei
1088 960 1274 1010 populum
1292 960 1371 997 Ro-

177 1026 334 1050 manum
353 1020 491 1051 testem
510 1026 604 1052 esse.

233 1067 327 1105 XV.
359 1067 447 1105 Hoc
495 1080 679 1116 responso
717 1069 819 1114 dato,
857 1068 1046 1105 discessit.
1116 1065 1275 1104 Postero
1312 1067 1375 1104 die

177 1127 303 1159 castra
318 1134 368 1159 ex
383 1134 428 1159 eo
442 1121 525 1159 loco
542 1127 714 1159 movent:
743 1122 845 1159 idem
867 1122 996 1159 Caesar
1013 1120 1118 1166 facit,
1139 1121 1376 1169 equitatum-

176 1187 252 1224 que
272 1187 435 1219 omnem,
457 1175 505 1212 ad
533 1188 737 1212 numerum
767 1180 933 1224 quatuor
965 1175 1143 1219 millium,
1175 1186 1291 1223 quem
1322 1186 1373 1211 ex

177 1228 282 1265 omni
302 1224 512 1266 Provincia
532 1235 571 1265 et
600 1229 743 1266 AEduis
772 1235 887 1278 atque
916 1241 1048 1266 eorum
1068 1227 1179 1265 sociis
1198 1232 1374 1265 coactum

176 1282 355 1326 habebat,
385 1283 599 1331 praemittit,
627 1283 694 1331 qui
724 1283 890 1328 videant,
912 1294 1006 1330 quas
1038 1281 1076 1318 in
1097 1286 1226 1330 partes
1245 1281 1374 1318 hostes

176 1335 252 1372 iter
270 1335 426 1374 faciant.
486 1334 564 1381 Qui
577 1336 754 1384 cupidius
770 1336 1023 1373 novissimum
1036 1347 1175 1384 agmen
1193 1333 1374 1379 insecuti,

177 1389 303 1426 alieno
319 1389 402 1426 loco
423 1401 512 1425 cum
543 1389 717 1438 equitatu
753 1389 1026 1426 Helvetiorum
1058 1387 1239 1436 proelium
1269 1400 1373 1424 com-

176 1442 352 1479 mittunt:
375 1448 412 1480 et
428 1442 543 1491 pauci
563 1443 610 1480 de
625 1443 767 1480 nostris
786 1443 942 1480 cadunt.
973 1440 1061 1487 Quo
1075 1441 1212 1490 proelio
1231 1441 1375 1479 sublati

178 1495 365 1538 Helvetii,
395 1496 497 1544 quod
517 1496 739 1545 quingentis
769 1496 962 1545 equitibus
982 1501 1129 1532 tantam
1156 1494 1374 1532 multitudi-

175 1561 265 1586 nem
301 1549 476 1597 equitum
513 1549 774 1598 propulerant,
814 1549 997 1587 audacius
1026 1548 1248 1593 subsistere,
1275 1560 1373 1585 non-

176 1615 374 1651 nunquam
395 1609 434 1640 et
462 1603 672 1640 novissimo
690 1603 844 1652 agmine
863 1603 998 1652 proelio
1015 1608 1167 1639 nostros
1186 1601 1373 1639 lacessere

176 1662 388 1704 coeperunt.
447 1654 577 1693 Caesar
608 1669 696 1694 suos
729 1669 751 1693 a
784 1657 917 1705 proelio
950 1656 1183 1700 continebat,
1214 1667 1259 1692 ac
1279 1655 1373 1692 satis

175 1709 342 1746 habebat
369 1710 409 1746 in
438 1710 644 1758 praesentia
671 1710 820 1747 hostem
847 1709 993 1757 rapinis
1022 1708 1372 1760 (pabulationibus)

175 1763 566 1812 populationibusque
592 1764 810 1812 prohibere.
877 1763 940 1800 Ita
968 1763 1050 1799 dies
1080 1762 1235 1799 circiter
1257 1761 1371 1810 quin-

174 1816 300 1853 decim
335 1817 410 1854 iter
442 1816 628 1862 fecerunt,
664 1817 721 1853 uti
764 1817 867 1854 inter
914 1816 1169 1853 novissimum
1201 1815 1371 1853 hostium

174 1882 312 1918 agmen
326 1876 364 1907 et
377 1876 552 1907 nostrum
568 1871 737 1919 primum
756 1882 833 1907 non
854 1869 1018 1919 amplius
1037 1869 1166 1918 quinis
1181 1874 1248 1906 aut
1267 1868 1371 1906 senis

175 1923 347 1960 millibus
362 1936 546 1973 passuum
565 1925 785 1961 interesset.

229 1977 351 2014 XVI.
381 1977 547 2014 Interim
575 1978 748 2025 quotidie
778 1976 908 2015 Caesar
937 1976 1091 2013 AEduos
1118 1975 1370 2020 frumentum,

174 2031 278 2078 quod
314 2037 442 2068 essent
470 2030 624 2079 publice
653 2031 825 2079 polliciti,
855 2030 1046 2079 flagitare:
1084 2042 1175 2066 nam
1213 2035 1370 2078 propter

174 2084 329 2132 frigora,
346 2085 447 2132 quod
468 2082 598 2121 Gallia
611 2085 681 2121 sub
697 2083 1040 2132 septentrionibus,
1055 2089 1098 2120 ut
1113 2088 1202 2120 ante
1222 2083 1369 2120 dictum

174 2142 244 2178 est,
266 2138 391 2185 posita
410 2143 478 2182 est,
492 2150 568 2174 non
590 2138 701 2174 modo
721 2137 916 2174 frumenta
934 2136 975 2173 in
995 2136 1100 2185 agris
1120 2142 1272 2173 matura
1290 2149 1369 2173 non

175 2197 297 2234 erant,
318 2191 385 2227 sed
413 2203 461 2227 ne
481 2191 613 2239 pabuli
641 2191 796 2239 quidem
825 2190 917 2227 satis
938 2202 1079 2238 magna
1098 2189 1209 2238 copia
1227 2202 1370 2238 suppe-

173 2244 295 2280 tebat:
326 2256 370 2280 eo
399 2249 528 2280 autem
556 2243 760 2288 frumento,
791 2244 892 2291 quod
921 2244 1081 2280 flumine
1111 2242 1231 2280 Arari
1258 2242 1370 2280 navi-

172 2297 246 2334 bus
275 2298 520 2341 subvexerat,
542 2303 742 2345 propterea
761 2297 818 2333 uti
839 2297 966 2333 minus
986 2302 1149 2345 poterat,
1169 2296 1272 2345 quod
1294 2296 1368 2332 iter

174 2351 222 2387 ab
237 2350 355 2386 Arari
370 2350 542 2387 Helvetii
559 2356 790 2395 averterant,
807 2363 827 2387 a
843 2351 983 2398 quibus
996 2350 1189 2387 discedere
1202 2349 1368 2386 nolebat.

174 2403 289 2440 Diem
309 2416 358 2440 ex
379 2403 440 2440 die
461 2404 600 2440 ducere
620 2403 760 2447 AEdui3
781 2403 958 2449 conferri,
976 2402 1218 2452 comportari,
1235 2402 1368 2438 adesse

175 2457 313 2493 dicere.
372 2456 453 2495 Ubi
475 2469 513 2494 se
534 2457 678 2493 diutius
700 2457 787 2494 duci
808 2457 1013 2502 intellexit,
1035 2464 1073 2494 et
1091 2456 1193 2493 diem
1213 2456 1367 2500 instare,
