1496 2671
224 187 274 222 28
562 184 606 223 C.
635 185 790 224 JULII
820 186 1079 226 CAESARIS

226 291 415 330 Germani
443 291 604 330 retineri
635 305 712 329 non
748 299 937 342 poterant,
957 294 1053 343 quin
1090 294 1132 330 in
1169 298 1319 333 nostros
1339 295 1416 333 tela

224 344 472 393 conjicerent.
511 345 702 395 Legatum
717 357 768 383 ex
787 347 867 385 suis
882 359 965 385 sese
984 360 1124 397 magno
1143 360 1232 385 cum
1245 348 1417 397 periculo

223 400 272 437 ad
292 412 380 437 eum
399 399 606 437 missurum
621 405 659 437 et
678 400 897 438 homiuibus
908 400 1002 438 feris
1019 400 1262 450 objecturum
1280 402 1416 439 existi·

222 454 366 490 mabat.
438 452 802 491 Commodissimum
843 455 972 491 visum
1015 461 1075 492 est
1122 454 1166 492 C.
1214 455 1418 493 Valerium

223 505 445 551 Procillum,
469 505 513 544 C.
543 507 693 544 Valerii
715 507 861 545 Caburi
881 508 1018 553 filium,
1044 510 1194 546 summa
1213 509 1361 546 virtute
1379 514 1419 546 et

222 561 463 598 humanitate
497 561 778 599 adolescentem
817 560 949 609 (cujus
982 567 1092 609 pater
1127 574 1149 598 a
1181 561 1226 600 C.
1258 562 1419 600 Valerio

223 614 364 652 Flacco
401 613 560 652 civitate
597 615 763 652 donatus
801 612 916 663 erat),
955 620 995 651 et
1031 621 1190 663 propter
1222 616 1349 661 fidem,
1379 621 1419 653 et

223 673 382 717 propter
400 668 544 717 linguae
566 666 728 706 Gallicae
748 667 963 712 scientiam,
985 680 1062 716 qua
1081 666 1206 706 multa
1218 668 1302 717 jam
1323 669 1418 707 Ari-

222 721 371 758 ovistus
389 719 602 771 longinqua
621 721 900 759 consuetudine
918 721 1111 765 utebatur,
1132 728 1172 759 et
1190 723 1292 770 quod
1311 722 1352 759 in
1372 735 1418 760 eo

222 775 407 824 peccandi
432 773 641 812 Germanis
661 786 775 812 causa
803 786 880 811 non
910 780 1023 820 esset,
1056 776 1104 812 ad
1132 787 1220 813 eum
1249 776 1417 821 mittere,

222 835 262 866 et
281 827 337 866 M.
361 828 559 873 Mettium,
579 828 647 877 qui
666 827 834 876 hospitio
854 826 1049 865 Ariovisti
1079 841 1171 866 usus
1190 835 1284 867 erat.
1341 829 1419 867 His

221 882 432 926 mandavit,
454 887 498 918 ut
517 893 602 929 quae
631 881 779 918 diceret
807 881 1046 926 Ariovistus,
1077 888 1353 930 cognoscerent
1380 888 1420 920 et

222 937 270 973 ad
290 948 330 973 se
349 934 552 973 referrent.
611 934 719 981 Quos
746 947 866 983 quum
895 935 998 983 apud
1026 947 1067 972 se
1085 935 1126 972 in
1145 937 1282 974 castris
1301 934 1419 974 Ario-

222 989 348 1026 vistus
367 988 645 1038 conspexisset,
667 988 844 1026 exercitu
873 1000 942 1026 suo
970 994 1173 1038 praesente,
1203 990 1420 1028 conclama-

221 1043 296 1079 vit:
347 1040 451 1088 Quid
491 1042 540 1079 ad
571 1054 611 1079 se
648 1041 852 1079 venirent?
911 1041 979 1078 An
1018 1043 1243 1092 speculandi
1280 1040 1420 1082 causa?

224 1095 420 1134 Conantes
440 1095 569 1134 dicere
589 1095 789 1145 prohibuit
808 1100 848 1133 et
865 1095 907 1132 in
926 1102 1081 1133 catenas
1098 1095 1275 1145 conjecit.

275 1149 478 1186 XLVIII.
508 1149 657 1187 Eodem
694 1149 756 1187 die
793 1155 920 1187 castra
955 1150 1162 1199 promovit,
1192 1156 1231 1188 et
1250 1149 1421 1188 millibus

221 1215 405 1252 passuum
443 1215 556 1241 sexa
594 1202 759 1241 Caesaris
792 1203 930 1240 castris
967 1204 1040 1240 sub
1080 1209 1212 1241 monte
1230 1204 1418 1241 consedit.

222 1257 414 1294 Postridie
442 1256 529 1306 ejus
558 1257 635 1294 diei
664 1261 808 1305 praeter
827 1261 954 1293 castra
983 1255 1149 1294 Caesaris
1178 1268 1270 1295 suas
1290 1257 1421 1306 copias

220 1310 457 1356 transduxit,
496 1315 535 1348 et
569 1309 740 1347 millibus
777 1322 958 1359 passuum
996 1310 1147 1348 duobus
1192 1311 1296 1349 ultra
1332 1323 1422 1348 eum

221 1370 348 1402 castra
366 1364 472 1408 fecit,
494 1376 539 1401 eo
572 1363 744 1408 consilio,
784 1363 843 1400 uti
880 1362 1076 1401 frumento
1115 1369 1419 1412 commeatuque,

221 1418 290 1467 qui
322 1430 373 1455 ex
413 1416 601 1465 Sequanis
639 1422 679 1454 et
715 1416 862 1453 AEduis
890 1423 1196 1466 supportaretur,
1227 1416 1421 1455 Caesarem

220 1471 509 1509 intercluderet.
540 1470 606 1507 Ex
626 1483 670 1507 eo
689 1471 752 1507 die
771 1470 854 1507 dies
875 1471 1077 1508 continuos
1095 1471 1268 1520 quinque
1290 1470 1422 1510 Caesar

219 1537 291 1575 pro
311 1524 448 1562 castris
479 1536 568 1561 suas
598 1524 728 1573 copias
758 1523 956 1573 produxit,
978 1530 1016 1561 et
1048 1525 1170 1562 aciem
1189 1525 1422 1563 instructam

220 1578 369 1624 habuit,
400 1584 443 1615 ut
473 1577 507 1614 si
536 1577 653 1615 vellet
684 1577 910 1615 Ariovistus
939 1578 1076 1627 proelio
1108 1579 1352 1623 contendere,
1384 1578 1422 1616 ei

220 1637 389 1682 potestas
408 1644 485 1669 non
515 1631 675 1669 deesset.
733 1630 960 1668 Ariovistus
988 1632 1049 1669 his
1077 1632 1257 1670 omnibus
1285 1632 1422 1670 diebus

221 1686 438 1723 exercitum
466 1684 602 1722 castris
630 1684 841 1722 continuit:
881 1685 1051 1734 equestri
1079 1685 1217 1734 proelio
1247 1685 1420 1734 quotidie

220 1739 436 1778 contendit.
494 1736 631 1776 Genus
658 1738 732 1776 hoc
760 1743 843 1775 erat
871 1750 1025 1787 pugnae,
1055 1751 1133 1788 quo
1163 1750 1205 1777 se
1235 1737 1421 1776 Germani

221 1798 488 1831 exercuerant.
563 1791 752 1840 Equitum
808 1791 930 1829 millia
977 1799 1087 1829 erant
1124 1804 1210 1836 sex3
1258 1792 1420 1830 totidem

220 1859 382 1884 numero
402 1846 549 1894 pedites
569 1845 803 1883 velocissimi
822 1856 868 1883 ac
887 1844 1104 1890 fortissimi3
1128 1859 1224 1895 quos
1245 1858 1296 1883 ex
1314 1848 1421 1883 omni

221 1901 332 1950 copia
368 1899 513 1949 singuli
552 1899 726 1948 singulos
754 1911 832 1936 suae
873 1899 1008 1936 salutis
1036 1902 1152 1936 causa
1181 1899 1417 1948 delegerant.

222 1955 324 1994 Cum
343 1954 404 1990 his
432 1955 473 1989 in
493 1953 638 2002 proeliis
657 1953 930 1998 versabantur,
957 1953 1005 1989 ad
1032 1953 1101 1990 hos
1129 1965 1170 1990 se
1190 1953 1339 2001 equites
1359 1966 1419 1991 re-

219 2008 430 2058 cipiebant:
460 2007 512 2052 hi,
535 2007 567 2043 si
587 2006 680 2055 quid
700 2012 783 2044 erat
804 2006 952 2046 durius,
971 2008 1270 2044 concurrebant:
1300 2007 1332 2043 si
1351 2007 1420 2055 qui

219 2061 399 2111 graviore
426 2060 587 2098 vulnere
616 2067 773 2109 accepto
802 2072 901 2109 equo
929 2059 1136 2105 deciderat,
1157 2059 1417 2098 circumsiste-

219 2117 329 2153 bant:
359 2115 391 2152 si
410 2127 487 2163 quo
506 2119 590 2152 erat
608 2113 762 2162 longius
791 2113 1059 2162 prodeundum
1088 2119 1155 2151 aut
1175 2114 1338 2152 celerius
1357 2126 1419 2151 re-

219 2168 452 2217 cipiendum,
473 2173 582 2205 tanta
600 2173 683 2205 erat
702 2167 841 2203 horum
862 2167 1141 2205 exercitatione
1160 2167 1349 2213 celeritas,
1377 2173 1419 2204 ut

214 2222 325 2271 jubis
345 2233 535 2269 equorum
554 2220 746 2258 sublevati
766 2231 922 2257 cursum
942 2221 1203 2269 adaequarent.

273 2274 430 2312 XLIX.
465 2274 545 2312 Ubi
565 2287 653 2312 eum
673 2274 808 2311 castris
838 2286 877 2311 se
906 2284 1037 2312 tenere
1059 2273 1190 2312 Caesar
1208 2273 1416 2319 intellexit,

218 2342 268 2367 ne
297 2327 444 2365 diutius
463 2333 677 2365 commeatu
708 2327 990 2376 prohiberetur,
1024 2327 1126 2366 ultra
1158 2340 1246 2366 eum
1278 2327 1416 2372 locum,

219 2395 297 2433 quo
315 2383 357 2418 in
384 2381 468 2418 loco
497 2379 685 2419 Germani
705 2381 969 2428 consederant,
998 2381 1155 2420 circiter
1172 2393 1308 2431 passus
1328 2392 1417 2418 sex-

219 2442 351 2475 centos
369 2435 418 2474 ab
447 2435 502 2473 eis
531 2435 668 2473 castris
701 2435 884 2473 idoneum
913 2436 1041 2474 locum
1074 2435 1227 2485 delegit,
1258 2434 1416 2483 acieque
