1496 2671
257 133 306 170 10
534 134 738 174 LAELIUS
765 135 841 174 DE
867 137 1131 177 AMICITIA.

253 239 487 279 confiderem.
546 242 644 279 Nam
663 248 701 282 et
718 244 891 294 praeclara
902 258 960 283 res
974 251 1040 291 est,
1054 250 1092 284 et
1103 258 1240 292 sumus,
1260 251 1305 286 ut
1321 248 1418 288 dixit

256 293 431 340 Fannius,
453 296 572 334 otiosi.
631 295 705 334 Sed
724 298 804 347 quis
823 311 893 348 ego
912 312 991 336 sum
1007 299 1026 337 Ρ
1045 306 1110 338 aut
1128 312 1210 349 quae
1229 301 1269 338 in
1283 313 1343 339 me
1361 308 1417 341 est

252 347 408 386 facultas
427 349 446 386 ἰ)
475 349 684 387 Doctorum
703 357 759 390 est
776 352 848 390 ista
866 353 1108 399 consuetudo,
1129 366 1246 404 eaque
1266 354 1417 394 Graeco-

252 413 345 447 rum,
366 407 409 440 ut
436 403 480 439 iis
507 409 679 453 ponatur,
700 404 747 442 de
765 418 839 454 quo
867 406 1058 456 disputent
1085 409 1252 457 quamvis
1279 409 1413 448 subito.

251 454 435 503 Magnum
462 469 554 506 opus
582 463 648 504 est,
688 465 846 508 egetque
883 460 1149 498 exercitatione
1178 474 1254 499 non
1290 475 1414 511 parva.

252 508 503 553 Quamobrem
532 524 613 560 quae
633 512 814 562 disputari
833 513 880 550 de
907 513 1067 551 amicitia
1095 519 1263 563 possunt,
1284 517 1332 553 ab
1349 516 1413 562 eis,

249 574 391 608 censeo,
411 565 559 613 petatis,
589 565 654 614 qui
680 566 751 604 ista
778 567 1011 615 profitentur.
1068 566 1152 616 Ego
1179 581 1244 606 vos
1271 569 1412 608 hortari

248 620 393 654 tantum
419 631 579 667 possum,
609 624 652 657 ut
680 620 877 657 amicitiam
906 620 1076 657 omnibus
1103 621 1214 659 rebus
1240 622 1410 661 humanis

234 672 494 720 anteponatis.
551 673 658 709 Nihil
686 679 742 711 est
770 674 869 710 enim
896 679 971 712 tam
1000 679 1142 712 naturae
1169 680 1308 725 aptum,
1335 683 1411 715 tam

246 725 469 763 conveniens
488 726 535 763 ad
554 739 611 764 res
631 727 689 763 vel
707 727 898 773 secundas,
930 728 987 764 vel
1014 728 1198 766 adversas.
1254 729 1315 767 18.
1337 730 1411 768 Sed

247 778 316 815 hoc
344 778 504 827 primum
533 781 664 820 sentio,
697 781 767 816 nisi
795 781 834 817 in
870 781 978 818 bonis
1005 781 1204 819 amicitiam
1231 795 1310 820 esse
1334 795 1411 821 non

244 844 351 880 posse
370 846 377 869 :
408 846 529 882 neque
547 834 586 870 id
605 833 652 870 ad
680 834 806 870 vivum
825 847 960 881 reseco,
981 839 1025 872 ut
1051 835 1117 880 illi,
1137 837 1200 885 qui
1227 836 1308 874 haec
1325 838 1412 875 sub-

243 885 345 923 tilius
391 885 602 930 disserunt3
648 887 803 926 fortasse
848 901 944 934 vere,
989 888 1054 925 sed
1090 889 1138 926 ad
1182 902 1413 928 communem

246 939 445 978 utilitatem
482 953 624 990 parurn.
691 941 845 990 Negant
890 943 1000 987 enim,
1047 955 1258 992 quenquam
1294 944 1413 981 virum

244 994 382 1030 bonum
401 1006 492 1039 esse,
514 994 584 1031 nisi
603 994 820 1044 sapientem.
851 995 907 1034 Sit
919 996 972 1034 ita
990 1008 1091 1033 sane.
1130 996 1203 1034 Sed
1223 1009 1303 1034 eam
1318 997 1414 1047 sapi-

243 1047 381 1084 entiam
409 1048 717 1097 interpretantur,
748 1062 859 1098 quam
887 1049 1010 1087 adhuc
1038 1050 1204 1088 mortalis
1230 1063 1340 1088 nemo
1359 1056 1415 1089 est

242 1107 474 1140 consecutus.
531 1102 611 1140 Nos
639 1109 763 1140 autem
791 1116 845 1149 ea,
875 1116 956 1153 quae
977 1108 1066 1142 sunt
1100 1104 1141 1141 in
1167 1117 1237 1146 usu
1263 1104 1413 1154 vitaque

241 1156 534 1201 communifnon
553 1168 606 1202 ea,
628 1168 710 1205 quae
738 1157 932 1206 finguntur
951 1162 1016 1195 aut
1034 1162 1223 1206 optantur,
1245 1164 1411 1208 spectare

242 1208 433 1247 debemus.
506 1210 717 1260 Nunquam,
754 1223 824 1260 ego
858 1211 990 1256 dicam,
1023 1211 1154 1248 Caium
1187 1211 1409 1257 Fabricium,

242 1262 410 1300 Marcum
445 1263 611 1308 Curium,
643 1264 834 1301 Tiberium
869 1264 1155 1310 Coruncanium,
1195 1277 1287 1314 quos
1315 1266 1410 1315 sapi-

249 1320 352 1354 entes
380 1318 498 1354 nostri
535 1317 691 1366 majores
712 1317 945 1366 judicabant,
976 1318 1020 1354 ad
1060 1318 1218 1355 istorum
1244 1330 1412 1356 normam

240 1370 352 1408 fuisse
372 1372 570 1420 sapientes.
628 1371 754 1416 Quare
774 1372 842 1408 sibi
870 1372 1034 1408 habeant
1053 1371 1242 1420 sapientiae
1261 1383 1410 1418 nomen,

240 1431 278 1460 et
305 1424 531 1462 invidiosum
560 1429 598 1462 et
625 1425 852 1462 obscurum:
883 1425 1177 1473 concedantque,
1205 1430 1249 1463 ut
1266 1425 1412 1463 hibeni

244 1477 313 1513 viri
326 1477 477 1515 fuerint.
534 1477 594 1514 Ne
605 1478 644 1514 id
661 1478 810 1526 quidem
829 1477 979 1515 faelent.
1035 1477 1250 1527 Negabunt,
1271 1477 1321 1524 id,
1342 1479 1411 1517 nisi

240 1532 408 1582 sapienti,
425 1543 531 1581 posse
547 1531 712 1569 concedi.
768 1532 936 1580 Agamus
951 1531 1066 1580 igitur
1080 1533 1213 1582 pinyui
1229 1531 1413 1580 Mnerva,

239 1591 282 1623 ut
310 1586 428 1623 aiunt.
461 1585 524 1623 19.
555 1585 630 1629 Qui
659 1585 710 1622 ita
738 1597 777 1622 se
795 1590 938 1633 gerunt,
966 1586 1021 1623 ita
1048 1586 1191 1631 vivunt,
1212 1590 1256 1624 ut
1282 1598 1411 1624 eorum

240 1640 418 1688 probetur
436 1639 538 1681 fides,
554 1639 763 1687 integritas,
785 1639 953 1688 aequitas,
972 1639 1186 1684 liberalitas,
1208 1651 1277 1677 nec
1295 1640 1343 1678 sit
1369 1640 1409 1677 in

240 1693 311 1730 illis
328 1693 405 1730 ulla
423 1693 607 1742 cupiditas
637 1692 695 1729 vel
718 1692 834 1729 libido
853 1693 910 1729 vel
930 1692 1095 1738 audacia,
1111 1693 1260 1742 sintque
1276 1705 1413 1742 magna

240 1748 461 1792 constantia,
474 1752 516 1784 ut
532 1747 556 1783 ii
575 1746 736 1791 fuerunt,
757 1746 869 1783 modo
888 1759 980 1796 quos
999 1746 1209 1792 nominayi:
1230 1746 1298 1784 hos
1313 1747 1410 1784 viros

241 1804 370 1848 bonos,
390 1807 433 1839 ut
452 1801 574 1838 habiti,
598 1805 695 1844 sunt,
725 1800 775 1837 sic
804 1800 914 1837 etiam
942 1800 1182 1849 appellandos
1207 1804 1408 1849 putemus;

241 1855 327 1904 quia
363 1859 582 1905 sequuntur,
613 1860 792 1903 quantum
822 1854 989 1890 homines
1016 1858 1185 1903 possunt,
1223 1857 1409 1899 naturam,

242 1910 420 1959 optimam
445 1910 540 1946 bene
559 1907 708 1944 vivendi
736 1907 879 1944 ducem.
938 1907 998 1944 Sic
1024 1907 1123 1943 erfim
1150 1906 1241 1943 mihi
1268 1908 1409 1957 perspi-

243 1976 325 2000 cere
352 1962 492 2009 videor,
532 1962 585 1999 ita
610 1966 718 1998 natos
747 1973 825 1998 esse
852 1973 932 2006 nos,
961 1965 1003 1998 ut
1029 1959 1129 1998 inter
1155 1969 1282 1997 omnes
1314 1967 1410 1999 esset

243 2017 398 2054 societas
426 2015 619 2066 quaedam:
658 2014 775 2063 major
800 2020 935 2060 autem,
973 2018 1017 2051 ut
1053 2013 1209 2063 quisque
1240 2014 1409 2063 proxime

244 2071 450 2109 accederet.
505 2068 637 2118 Itaque
655 2068 752 2106 cives
770 2069 942 2118 potiores,
964 2079 1074 2116 quam
1092 2067 1279 2116 peregrini
1294 2081 1303 2112 ;
1323 2079 1409 2117 pro-

243 2125 383 2174 pinqui,
414 2137 523 2173 quam
551 2122 671 2160 alieni.
729 2122 824 2159 Cum
850 2121 907 2158 his
933 2121 1030 2157 enim
1058 2121 1256 2159 amicitiam
1276 2127 1410 2159 natura

243 2179 322 2227 ipsa
340 2179 506 2228 peperit:
527 2177 592 2213 sed
606 2189 648 2214 ea
662 2188 738 2213 non
750 2175 837 2212 satis
855 2175 968 2212 habet
985 2174 1183 2212 firmitatis.
1238 2174 1410 2224 Namque

243 2233 314 2270 hoc
333 2236 486 2282 praestat
514 2230 675 2267 amicitia
700 2228 979 2278 propinquitati,
1001 2227 1099 2278 quod
1127 2241 1174 2265 ex
1191 2228 1408 2278 propinqui-

243 2291 322 2324 tate
358 2284 619 2322 benevolentia
636 2282 717 2320 tolli
743 2287 876 2331 potest,
906 2294 952 2319 ex
980 2281 1142 2319 amicitia
1167 2294 1244 2319 non
1270 2286 1406 2331 potest.

248 2339 405 2378 Sublata
435 2338 532 2375 enim
569 2335 838 2380 benevolentia,
874 2335 1043 2373 amicitiae
1079 2347 1215 2372 nomen
1250 2335 1405 2380 tollitur,

247 2391 532 2444 propinquitatis
551 2394 688 2437 manet.
743 2389 805 2427 20.
837 2389 989 2435 Quanta
1006 2393 1131 2427 autem
1156 2388 1212 2426 vis
1238 2387 1406 2426 amicitiae

248 2449 306 2494 sit,
336 2460 382 2485 ex
400 2447 480 2484 hoc*
497 2444 654 2492 intelligi
692 2443 850 2481 maxime
875 2447 1026 2493 potest:
1066 2441 1167 2492 quod
1193 2454 1239 2480 ex
1265 2439 1409 2478 infinita
