<?xml version="1.0" encoding="UTF-8"?>
<!DOCTYPE html PUBLIC "-//W3C//DTD XHTML 1.0 Transitional//EN"
    "http://www.w3.org/TR/xhtml1/DTD/xhtml1-transitional.dtd">
<html xmlns="http://www.w3.org/1999/xhtml" xml:lang="en" lang="en">
 <head>
  <title>
</title>
<meta http-equiv="Content-Type" content="text/html;charset=utf-8" />
  <meta name='ocr-system' content='tesseract 3.04.00' />
  <meta name='ocr-capabilities' content='ocr_page ocr_carea ocr_par ocr_line ocrx_word'/>
</head>
<body>
  <div class='ocr_page' id='page_1' title='image "./curriculumlatinu01mont_0126.png"; bbox 0 0 1496 2671; ppageno 0'>
   <div class='ocr_carea' id='block_1_1' title="bbox 256 133 1134 180">
    <p class='ocr_par' dir='ltr' id='par_1_1' title="bbox 256 133 1134 180">
     <span class='ocr_line' id='line_1_1' title="bbox 256 133 1134 180; baseline 0.007 -14"><span class='ocrx_word' id='word_1_1' title='bbox 256 134 305 171; x_wconf 67' lang='lat' dir='ltr'>‚23ss</span> <span class='ocrx_word' id='word_1_2' title='bbox 559 133 751 180; x_wconf 79' lang='lat' dir='ltr'><strong>QUINTI</strong></span> <span class='ocrx_word' id='word_1_3' title='bbox 782 133 970 172; x_wconf 74' lang='lat' dir='ltr'>cURTn</span> <span class='ocrx_word' id='word_1_4' title='bbox 1002 134 1134 173; x_wconf 81' lang='lat' dir='ltr'>RUFI</span> 
     </span>
    </p>
   </div>
   <div class='ocr_carea' id='block_1_2' title="bbox 236 242 1428 2446">
    <p class='ocr_par' dir='ltr' id='par_1_2' title="bbox 243 242 1428 1367">
     <span class='ocr_line' id='line_1_2' title="bbox 255 242 1426 294; baseline 0.003 -15"><span class='ocrx_word' id='word_1_5' title='bbox 255 243 458 292; x_wconf 76' lang='lat' dir='ltr'>composito</span> <span class='ocrx_word' id='word_1_6' title='bbox 477 242 637 291; x_wconf 82' lang='lat' dir='ltr'>agmine,</span> <span class='ocrx_word' id='word_1_7' title='bbox 659 242 916 280; x_wconf 78' lang='lat' dir='ltr'>antecedebat.</span> <span class='ocrx_word' id='word_1_8' title='bbox 972 242 1044 280; x_wconf 85' lang='lat' dir='ltr'>Sed</span> <span class='ocrx_word' id='word_1_9' title='bbox 1076 243 1271 280; x_wconf 81' lang='lat' dir='ltr'><strong>Persarum</strong></span> <span class='ocrx_word' id='word_1_10' title='bbox 1301 243 1426 294; x_wconf 85' lang='lat' dir='ltr'>explo-</span> 
     </span>
     <span class='ocr_line' id='line_1_3' title="bbox 254 292 1428 346; baseline 0.002 -14"><span class='ocrx_word' id='word_1_11' title='bbox 254 302 394 335; x_wconf 78' lang='lat' dir='ltr'><strong>ratores</strong></span> <span class='ocrx_word' id='word_1_12' title='bbox 423 302 529 334; x_wconf 86' lang='lat' dir='ltr'>erant</span> <span class='ocrx_word' id='word_1_13' title='bbox 560 295 661 333; x_wconf 88' lang='lat' dir='ltr'>mille</span> <span class='ocrx_word' id='word_1_14' title='bbox 687 295 813 342; x_wconf 87' lang='lat' dir='ltr'>ferme,</span> <span class='ocrx_word' id='word_1_15' title='bbox 848 292 1092 345; x_wconf 82' lang='lat' dir='ltr'>qui&#39;speeiem</span> <span class='ocrx_word' id='word_1_16' title='bbox 1122 296 1279 346; x_wconf 85' lang='lat' dir='ltr'>agminis</span> <span class='ocrx_word' id='word_1_17' title='bbox 1307 297 1428 346; x_wconf 85' lang='lat' dir='ltr'>magni</span> 
     </span>
     <span class='ocr_line' id='line_1_4' title="bbox 253 349 1428 400; baseline 0 -12"><span class='ocrx_word' id='word_1_18' title='bbox 253 351 444 388; x_wconf 81' lang='lat' dir='ltr'>fecerant:</span> <span class='ocrx_word' id='word_1_19' title='bbox 473 349 607 399; x_wconf 89' lang='lat' dir='ltr'>quippe</span> <span class='ocrx_word' id='word_1_20' title='bbox 634 349 699 387; x_wconf 88' lang='lat' dir='ltr'>ubi</span> <span class='ocrx_word' id='word_1_21' title='bbox 727 349 912 399; x_wconf 86' lang='lat' dir='ltr'>explorari</span> <span class='ocrx_word' id='word_1_22' title='bbox 940 362 1027 387; x_wconf 80' lang='lat' dir='ltr'>vera</span> <span class='ocrx_word' id='word_1_23' title='bbox 1053 363 1129 388; x_wconf 90' lang='lat' dir='ltr'>non</span> <span class='ocrx_word' id='word_1_24' title='bbox 1148 357 1316 400; x_wconf 82' lang='lat' dir='ltr'>possunt,</span> <span class='ocrx_word' id='word_1_25' title='bbox 1335 351 1428 388; x_wconf 83' lang='lat' dir='ltr'>falsa</span> 
     </span>
     <span class='ocr_line' id='line_1_5' title="bbox 252 403 1427 454; baseline 0.002 -14"><span class='ocrx_word' id='word_1_26' title='bbox 252 416 318 452; x_wconf 88' lang='lat' dir='ltr'>per</span> <span class='ocrx_word' id='word_1_27' title='bbox 337 408 476 441; x_wconf 89' lang='lat' dir='ltr'>metum</span> <span class='ocrx_word' id='word_1_28' title='bbox 497 408 738 452; x_wconf 85' lang='lat' dir='ltr'>augurantur.</span> <span class='ocrx_word' id='word_1_29' title='bbox 796 403 868 440; x_wconf 90' lang='lat' dir='ltr'>His</span> <span class='ocrx_word' id='word_1_30' title='bbox 896 403 1067 453; x_wconf 84' lang='lat' dir='ltr'><strong>cognitis,</strong></span> <span class='ocrx_word' id='word_1_31' title='bbox 1095 416 1162 441; x_wconf 82' lang='lat' dir='ltr'>rex</span> <span class='ocrx_word' id='word_1_32' title='bbox 1189 416 1273 441; x_wconf 93' lang='lat' dir='ltr'>cum</span> <span class='ocrx_word' id='word_1_33' title='bbox 1300 405 1427 454; x_wconf 79' lang='lat' dir='ltr'>paucis</span> 
     </span>
     <span class='ocr_line' id='line_1_6' title="bbox 252 457 1426 506; baseline 0.001 -12"><span class='ocrx_word' id='word_1_34' title='bbox 252 469 403 494; x_wconf 89' lang='lat' dir='ltr'>suorum</span> <span class='ocrx_word' id='word_1_35' title='bbox 431 462 648 506; x_wconf 84' lang='lat' dir='ltr'>assequutus</span> <span class='ocrx_word' id='word_1_36' title='bbox 675 469 811 506; x_wconf 86' lang='lat' dir='ltr'>agmen</span> <span class='ocrx_word' id='word_1_37' title='bbox 839 457 1102 506; x_wconf 84' lang='lat' dir='ltr'>refugientium</span> <span class='ocrx_word' id='word_1_38' title='bbox 1131 458 1179 495; x_wconf 89' lang='lat' dir='ltr'>ad</span> <span class='ocrx_word' id='word_1_39' title='bbox 1207 471 1305 504; x_wconf 90' lang='lat' dir='ltr'>suos,</span> <span class='ocrx_word' id='word_1_40' title='bbox 1334 457 1426 496; x_wconf 82' lang='lat' dir='ltr'>alios</span> 
     </span>
     <span class='ocr_line' id='line_1_7' title="bbox 252 510 1425 562; baseline 0.002 -15"><span class='ocrx_word' id='word_1_41' title='bbox 252 510 396 556; x_wconf 85' lang='lat' dir='ltr'>cecidit,</span> <span class='ocrx_word' id='word_1_42' title='bbox 425 511 515 548; x_wconf 86' lang='lat' dir='ltr'>alios</span> <span class='ocrx_word' id='word_1_43' title='bbox 543 511 668 560; x_wconf 89' lang='lat' dir='ltr'>cepit:</span> <span class='ocrx_word' id='word_1_44' title='bbox 699 511 914 559; x_wconf 81' lang='lat' dir='ltr'>equitesque</span> <span class='ocrx_word' id='word_1_45' title='bbox 941 511 1132 560; x_wconf 82' lang='lat' dir='ltr'>praemisit</span> <span class='ocrx_word' id='word_1_46' title='bbox 1159 511 1268 549; x_wconf 85' lang='lat' dir='ltr'>simul</span> <span class='ocrx_word' id='word_1_47' title='bbox 1297 524 1425 562; x_wconf 90' lang='lat' dir='ltr'>specu-</span> 
     </span>
     <span class='ocr_line' id='line_1_8' title="bbox 252 563 1423 614; baseline 0.001 -12"><span class='ocrx_word' id='word_1_48' title='bbox 252 565 380 609; x_wconf 84' lang='lat' dir='ltr'>latum,</span> <span class='ocrx_word' id='word_1_49' title='bbox 402 564 508 601; x_wconf 88' lang='lat' dir='ltr'>simul</span> <span class='ocrx_word' id='word_1_50' title='bbox 538 570 579 602; x_wconf 84' lang='lat' dir='ltr'>ut</span> <span class='ocrx_word' id='word_1_51' title='bbox 598 566 734 614; x_wconf 84' lang='lat' dir='ltr'>ignem,</span> <span class='ocrx_word' id='word_1_52' title='bbox 756 575 826 612; x_wconf 90' lang='lat' dir='ltr'>quo</span> <span class='ocrx_word' id='word_1_53' title='bbox 845 563 1002 602; x_wconf 81' lang='lat' dir='ltr'>Barbari</span> <span class='ocrx_word' id='word_1_54' title='bbox 1030 570 1284 603; x_wconf 85' lang='lat' dir='ltr'>cremaverant</span> <span class='ocrx_word' id='word_1_55' title='bbox 1311 565 1423 610; x_wconf 73' lang='lat' dir='ltr'>w‘cos,</span> 
     </span>
     <span class='ocr_line' id='line_1_9' title="bbox 250 618 1427 668; baseline 0.001 -13"><span class='ocrx_word' id='word_1_56' title='bbox 250 618 513 667; x_wconf 87' lang='lat' dir='ltr'>extinguerent</span> <span class='ocrx_word' id='word_1_57' title='bbox 534 633 542 656; x_wconf 92' lang='lat'>:</span> <span class='ocrx_word' id='word_1_58' title='bbox 573 620 710 668; x_wconf 89' lang='lat' dir='ltr'>quippe</span> <span class='ocrx_word' id='word_1_59' title='bbox 729 618 913 667; x_wconf 88' lang='lat' dir='ltr'>fugientes</span> <span class='ocrx_word' id='word_1_60' title='bbox 932 618 1067 668; x_wconf 87' lang='lat' dir='ltr'>raptim</span> <span class='ocrx_word' id='word_1_61' title='bbox 1087 619 1194 657; x_wconf 88' lang='lat' dir='ltr'>tectis</span> <span class='ocrx_word' id='word_1_62' title='bbox 1213 619 1427 668; x_wconf 84' lang='lat' dir='ltr'>acervisque</span> 
     </span>
     <span class='ocr_line' id='line_1_10' title="bbox 250 672 1425 721; baseline 0.003 -14"><span class='ocrx_word' id='word_1_63' title='bbox 250 672 424 710; x_wconf 84' lang='lat' dir='ltr'>frumenti</span> <span class='ocrx_word' id='word_1_64' title='bbox 464 672 669 721; x_wconf 76' lang='lat' dir='ltr'>injecerant</span> <span class='ocrx_word' id='word_1_65' title='bbox 707 672 885 715; x_wconf 87' lang='lat' dir='ltr'>flammas,</span> <span class='ocrx_word' id='word_1_66' title='bbox 914 684 1007 720; x_wconf 86' lang='lat' dir='ltr'>quae</span> <span class='ocrx_word' id='word_1_67' title='bbox 1047 683 1158 720; x_wconf 92' lang='lat' dir='ltr'>quum</span> <span class='ocrx_word' id='word_1_68' title='bbox 1198 673 1239 710; x_wconf 90' lang='lat' dir='ltr'>in</span> <span class='ocrx_word' id='word_1_69' title='bbox 1280 685 1425 710; x_wconf 88' lang='lat' dir='ltr'>summo</span> 
     </span>
     <span class='ocr_line' id='line_1_11' title="bbox 250 725 1424 776; baseline 0.002 -14"><span class='ocrx_word' id='word_1_70' title='bbox 250 726 464 770; x_wconf 84' lang='lat' dir='ltr'>haesissent,</span> <span class='ocrx_word' id='word_1_71' title='bbox 495 727 542 763; x_wconf 85' lang='lat' dir='ltr'>ad</span> <span class='ocrx_word' id='word_1_72' title='bbox 569 726 743 763; x_wconf 86' lang='lat' dir='ltr'>iuferiora</span> <span class='ocrx_word' id='word_1_73' title='bbox 781 726 948 762; x_wconf 87' lang='lat' dir='ltr'>nondum</span> <span class='ocrx_word' id='word_1_74' title='bbox 990 731 1287 776; x_wconf 82' lang='lat' dir='ltr'>penetraverant.</span> <span class='ocrx_word' id='word_1_75' title='bbox 1345 725 1424 764; x_wconf 78' lang='lat' dir='ltr'>Ex-</span> 
     </span>
     <span class='ocr_line' id='line_1_12' title="bbox 250 779 1421 830; baseline 0.001 -13"><span class='ocrx_word' id='word_1_76' title='bbox 250 780 367 818; x_wconf 85' lang='lat' dir='ltr'>tincto</span> <span class='ocrx_word' id='word_1_77' title='bbox 394 779 510 829; x_wconf 86' lang='lat' dir='ltr'>igitur</span> <span class='ocrx_word' id='word_1_78' title='bbox 536 780 634 829; x_wconf 90' lang='lat' dir='ltr'>igne,</span> <span class='ocrx_word' id='word_1_79' title='bbox 664 779 861 830; x_wconf 87' lang='lat' dir='ltr'>plurimum</span> <span class='ocrx_word' id='word_1_80' title='bbox 901 779 1076 818; x_wconf 88' lang='lat' dir='ltr'>frumenti</span> <span class='ocrx_word' id='word_1_81' title='bbox 1113 785 1301 830; x_wconf 90' lang='lat' dir='ltr'>repertum</span> <span class='ocrx_word' id='word_1_82' title='bbox 1340 788 1421 818; x_wconf 84' lang='lat' dir='ltr'>est:</span> 
     </span>
     <span class='ocr_line' id='line_1_13' title="bbox 251 833 1423 884; baseline 0.002 -15"><span class='ocrx_word' id='word_1_83' title='bbox 251 833 358 882; x_wconf 88' lang='lat' dir='ltr'>copia</span> <span class='ocrx_word' id='word_1_84' title='bbox 379 833 533 871; x_wconf 83' lang='lat' dir='ltr'>aliarum</span> <span class='ocrx_word' id='word_1_85' title='bbox 554 846 697 881; x_wconf 92' lang='lat' dir='ltr'>quoque</span> <span class='ocrx_word' id='word_1_86' title='bbox 728 845 851 870; x_wconf 91' lang='lat' dir='ltr'>rerum</span> <span class='ocrx_word' id='word_1_87' title='bbox 879 833 1069 871; x_wconf 87' lang='lat' dir='ltr'>abundare</span> <span class='ocrx_word' id='word_1_88' title='bbox 1096 839 1309 884; x_wconf 87' lang='lat' dir='ltr'>coeperunt.</span> <span class='ocrx_word' id='word_1_89' title='bbox 1367 833 1423 871; x_wconf 86' lang='lat' dir='ltr'>Ea</span> 
     </span>
     <span class='ocr_line' id='line_1_14' title="bbox 248 886 1420 937; baseline 0 -13"><span class='ocrx_word' id='word_1_90' title='bbox 248 900 305 924; x_wconf 83' lang='lat' dir='ltr'>res</span> <span class='ocrx_word' id='word_1_91' title='bbox 324 888 403 937; x_wconf 90' lang='lat' dir='ltr'>ipsa</span> <span class='ocrx_word' id='word_1_92' title='bbox 422 887 529 924; x_wconf 84' lang='lat' dir='ltr'>militi</span> <span class='ocrx_word' id='word_1_93' title='bbox 550 887 596 924; x_wconf 90' lang='lat' dir='ltr'>ad</span> <span class='ocrx_word' id='word_1_94' title='bbox 617 886 911 936; x_wconf 84' lang='lat' dir='ltr'>persequendum</span> <span class='ocrx_word' id='word_1_95' title='bbox 930 887 1076 925; x_wconf 89' lang='lat' dir='ltr'>hostem</span> <span class='ocrx_word' id='word_1_96' title='bbox 1104 887 1268 925; x_wconf 87' lang='lat' dir='ltr'>animum</span> <span class='ocrx_word' id='word_1_97' title='bbox 1292 888 1420 926; x_wconf 87' lang='lat' dir='ltr'>incen-</span> 
     </span>
     <span class='ocr_line' id='line_1_15' title="bbox 247 940 1420 991; baseline 0.001 -14"><span class='ocrx_word' id='word_1_98' title='bbox 247 942 324 984; x_wconf 79' lang='lat' dir='ltr'>‹lit;</span> <span class='ocrx_word' id='word_1_99' title='bbox 355 941 504 990; x_wconf 84' lang='lat' dir='ltr'>quippe,</span> <span class='ocrx_word' id='word_1_100' title='bbox 520 946 651 979; x_wconf 90' lang='lat' dir='ltr'>urente</span> <span class='ocrx_word' id='word_1_101' title='bbox 671 946 709 979; x_wconf 92' lang='lat' dir='ltr'>et</span> <span class='ocrx_word' id='word_1_102' title='bbox 727 941 930 991; x_wconf 87' lang='lat' dir='ltr'>populante</span> <span class='ocrx_word' id='word_1_103' title='bbox 944 953 987 978; x_wconf 91' lang='lat' dir='ltr'>eo</span> <span class='ocrx_word' id='word_1_104' title='bbox 1006 946 1154 987; x_wconf 88' lang='lat' dir='ltr'>terram,</span> <span class='ocrx_word' id='word_1_105' title='bbox 1168 940 1420 979; x_wconf 89' lang='lat' dir='ltr'>festinandum</span> 
     </span>
     <span class='ocr_line' id='line_1_16' title="bbox 246 994 1424 1045; baseline 0.002 -14"><span class='ocrx_word' id='word_1_106' title='bbox 246 1002 336 1040; x_wconf 82' lang='lat' dir='ltr'>erat,</span> <span class='ocrx_word' id='word_1_107' title='bbox 358 1007 405 1032; x_wconf 89' lang='lat' dir='ltr'>ne</span> <span class='ocrx_word' id='word_1_108' title='bbox 423 994 596 1032; x_wconf 88' lang='lat' dir='ltr'>incendio</span> <span class='ocrx_word' id='word_1_109' title='bbox 616 999 751 1034; x_wconf 84' lang='lat' dir='ltr'>cuncta</span> <span class='ocrx_word' id='word_1_110' title='bbox 770 995 1009 1045; x_wconf 85' lang='lat' dir='ltr'>praeriperet.</span> <span class='ocrx_word' id='word_1_111' title='bbox 1066 994 1112 1032; x_wconf 93' lang='lat' dir='ltr'>In</span> <span class='ocrx_word' id='word_1_112' title='bbox 1130 995 1312 1033; x_wconf 82' lang='lat' dir='ltr'>rationem</span> <span class='ocrx_word' id='word_1_113' title='bbox 1331 1008 1424 1045; x_wconf 90' lang='lat' dir='ltr'>ergo</span> 
     </span>
     <span class='ocr_line' id='line_1_17' title="bbox 246 1048 1421 1099; baseline 0.001 -14"><span class='ocrx_word' id='word_1_114' title='bbox 246 1048 444 1086; x_wconf 82' lang='lat' dir='ltr'>necessitas</span> <span class='ocrx_word' id='word_1_115' title='bbox 464 1061 592 1094; x_wconf 84' lang='lat' dir='ltr'>versa3</span> <span class='ocrx_word' id='word_1_116' title='bbox 623 1049 764 1099; x_wconf 85' lang='lat' dir='ltr'>quippe</span> <span class='ocrx_word' id='word_1_117' title='bbox 789 1049 972 1095; x_wconf 86' lang='lat' dir='ltr'>Mazaeus,</span> <span class='ocrx_word' id='word_1_118' title='bbox 1002 1048 1065 1099; x_wconf 90' lang='lat' dir='ltr'>qui</span> <span class='ocrx_word' id='word_1_119' title='bbox 1091 1054 1202 1087; x_wconf 87' lang='lat' dir='ltr'>antea</span> <span class='ocrx_word' id='word_1_120' title='bbox 1219 1062 1286 1099; x_wconf 91' lang='lat' dir='ltr'>per</span> <span class='ocrx_word' id='word_1_121' title='bbox 1303 1049 1421 1088; x_wconf 87' lang='lat' dir='ltr'>otium</span> 
     </span>
     <span class='ocr_line' id='line_1_18' title="bbox 246 1102 1421 1153; baseline 0.002 -15"><span class='ocrx_word' id='word_1_122' title='bbox 246 1103 345 1140; x_wconf 73' lang='lat' dir='ltr'>vicos</span> <span class='ocrx_word' id='word_1_123' title='bbox 364 1102 592 1148; x_wconf 84' lang='lat' dir='ltr'>incenderat,</span> <span class='ocrx_word' id='word_1_124' title='bbox 616 1103 695 1152; x_wconf 88' lang='lat' dir='ltr'>jam</span> <span class='ocrx_word' id='word_1_125' title='bbox 723 1103 853 1152; x_wconf 88' lang='lat' dir='ltr'>fugere</span> <span class='ocrx_word' id='word_1_126' title='bbox 881 1107 1090 1150; x_wconf 89' lang='lat' dir='ltr'>contentus,</span> <span class='ocrx_word' id='word_1_127' title='bbox 1110 1103 1284 1153; x_wconf 88' lang='lat' dir='ltr'>pleraque</span> <span class='ocrx_word' id='word_1_128' title='bbox 1301 1103 1421 1140; x_wconf 86' lang='lat' dir='ltr'>invio-</span> 
     </span>
     <span class='ocr_line' id='line_1_19' title="bbox 245 1156 1420 1206; baseline 0.001 -13"><span class='ocrx_word' id='word_1_129' title='bbox 245 1158 320 1195; x_wconf 85' lang='lat' dir='ltr'>lata</span> <span class='ocrx_word' id='word_1_130' title='bbox 348 1157 445 1194; x_wconf 90' lang='lat' dir='ltr'>hosti</span> <span class='ocrx_word' id='word_1_131' title='bbox 473 1156 633 1206; x_wconf 84' lang='lat' dir='ltr'>reliquit.</span> <span class='ocrx_word' id='word_1_132' title='bbox 699 1157 916 1194; x_wconf 83' lang='lat' dir='ltr'>Alexander</span> <span class='ocrx_word' id='word_1_133' title='bbox 953 1157 1053 1194; x_wconf 89' lang='lat' dir='ltr'>haud</span> <span class='ocrx_word' id='word_1_134' title='bbox 1096 1157 1243 1205; x_wconf 87' lang='lat' dir='ltr'>longius</span> <span class='ocrx_word' id='word_1_135' title='bbox 1270 1162 1420 1196; x_wconf 84' lang='lat' dir='ltr'>centum</span> 
     </span>
     <span class='ocr_line' id='line_1_20' title="bbox 246 1211 1420 1260; baseline 0.002 -14"><span class='ocrx_word' id='word_1_136' title='bbox 246 1211 513 1259; x_wconf 83' lang='lat' dir='ltr'>quinquaginta</span> <span class='ocrx_word' id='word_1_137' title='bbox 531 1211 660 1249; x_wconf 88' lang='lat' dir='ltr'>stadiis</span> <span class='ocrx_word' id='word_1_138' title='bbox 680 1211 836 1249; x_wconf 88' lang='lat' dir='ltr'>Darium</span> <span class='ocrx_word' id='word_1_139' title='bbox 858 1211 985 1249; x_wconf 88' lang='lat' dir='ltr'>abesse</span> <span class='ocrx_word' id='word_1_140' title='bbox 1012 1216 1266 1260; x_wconf 80' lang='lat' dir='ltr'>compererat3</span> <span class='ocrx_word' id='word_1_141' title='bbox 1295 1211 1420 1259; x_wconf 88' lang='lat' dir='ltr'>itaque</span> 
     </span>
     <span class='ocr_line' id='line_1_21' title="bbox 243 1263 1420 1314; baseline -0.001 -12"><span class='ocrx_word' id='word_1_142' title='bbox 243 1265 290 1302; x_wconf 82' lang='lat' dir='ltr'>ad</span> <span class='ocrx_word' id='word_1_143' title='bbox 328 1264 536 1303; x_wconf 85' lang='lat' dir='ltr'>satietatem</span> <span class='ocrx_word' id='word_1_144' title='bbox 573 1277 719 1314; x_wconf 91' lang='lat' dir='ltr'>quoque</span> <span class='ocrx_word' id='word_1_145' title='bbox 755 1265 860 1314; x_wconf 88' lang='lat' dir='ltr'>copia</span> <span class='ocrx_word' id='word_1_146' title='bbox 896 1270 1169 1303; x_wconf 86' lang='lat' dir='ltr'>commeatuum</span> <span class='ocrx_word' id='word_1_147' title='bbox 1205 1263 1420 1310; x_wconf 82' lang='lat' dir='ltr'>instructus,</span> 
     </span>
     <span class='ocr_line' id='line_1_22' title="bbox 246 1318 948 1367; baseline 0.001 -12"><span class='ocrx_word' id='word_1_148' title='bbox 246 1318 443 1367; x_wconf 85' lang='lat' dir='ltr'>quatriduo</span> <span class='ocrx_word' id='word_1_149' title='bbox 461 1319 500 1354; x_wconf 92' lang='lat' dir='ltr'>in</span> <span class='ocrx_word' id='word_1_150' title='bbox 519 1319 652 1356; x_wconf 90' lang='lat' dir='ltr'>eodem</span> <span class='ocrx_word' id='word_1_151' title='bbox 671 1319 752 1356; x_wconf 90' lang='lat' dir='ltr'>loco</span> <span class='ocrx_word' id='word_1_152' title='bbox 772 1318 948 1356; x_wconf 87' lang='lat' dir='ltr'>substitit.</span> 
     </span>
    </p>

    <p class='ocr_par' dir='ltr' id='par_1_3' title="bbox 236 1371 1418 2446">
     <span class='ocr_line' id='line_1_23' title="bbox 299 1371 1418 1421; baseline 0.002 -13"><span class='ocrx_word' id='word_1_153' title='bbox 299 1372 401 1410; x_wconf 91' lang='lat' dir='ltr'>XLI.</span> <span class='ocrx_word' id='word_1_154' title='bbox 434 1372 668 1421; x_wconf 84' lang='lat' dir='ltr'>Interceptae</span> <span class='ocrx_word' id='word_1_155' title='bbox 696 1372 833 1410; x_wconf 90' lang='lat' dir='ltr'>deinde</span> <span class='ocrx_word' id='word_1_156' title='bbox 861 1372 969 1409; x_wconf 84' lang='lat' dir='ltr'>Darii</span> <span class='ocrx_word' id='word_1_157' title='bbox 997 1371 1127 1410; x_wconf 84' lang='lat' dir='ltr'>literae</span> <span class='ocrx_word' id='word_1_158' title='bbox 1155 1377 1255 1418; x_wconf 91' lang='lat' dir='ltr'>sunt,</span> <span class='ocrx_word' id='word_1_159' title='bbox 1285 1372 1418 1421; x_wconf 84' lang='lat' dir='ltr'>quibus</span> 
     </span>
     <span class='ocr_line' id='line_1_24' title="bbox 246 1425 1416 1476; baseline 0.001 -13"><span class='ocrx_word' id='word_1_160' title='bbox 246 1426 381 1463; x_wconf 88' lang='lat' dir='ltr'>Graeci</span> <span class='ocrx_word' id='word_1_161' title='bbox 400 1425 536 1463; x_wconf 87' lang='lat' dir='ltr'>milites</span> <span class='ocrx_word' id='word_1_162' title='bbox 553 1426 844 1472; x_wconf 84' lang='lat' dir='ltr'>solicitabantur,</span> <span class='ocrx_word' id='word_1_163' title='bbox 861 1431 905 1463; x_wconf 89' lang='lat' dir='ltr'>ut</span> <span class='ocrx_word' id='word_1_164' title='bbox 923 1438 1047 1476; x_wconf 89' lang='lat' dir='ltr'>regem</span> <span class='ocrx_word' id='word_1_165' title='bbox 1068 1431 1132 1464; x_wconf 89' lang='lat' dir='ltr'>aut</span> <span class='ocrx_word' id='word_1_166' title='bbox 1150 1425 1416 1471; x_wconf 85' lang='lat' dir='ltr'>interficerent,</span> 
     </span>
     <span class='ocr_line' id='line_1_25' title="bbox 244 1479 1417 1530; baseline 0 -13"><span class='ocrx_word' id='word_1_167' title='bbox 244 1485 307 1518; x_wconf 91' lang='lat' dir='ltr'>aut</span> <span class='ocrx_word' id='word_1_168' title='bbox 327 1479 529 1528; x_wconf 86' lang='lat' dir='ltr'>proderent</span> <span class='ocrx_word' id='word_1_169' title='bbox 550 1493 558 1516; x_wconf 90' lang='lat'>:</span> <span class='ocrx_word' id='word_1_170' title='bbox 589 1480 857 1528; x_wconf 86' lang='lat' dir='ltr'>dubitavitque,</span> <span class='ocrx_word' id='word_1_171' title='bbox 879 1493 926 1517; x_wconf 87' lang='lat' dir='ltr'>an</span> <span class='ocrx_word' id='word_1_172' title='bbox 945 1492 1006 1518; x_wconf 87' lang='lat' dir='ltr'>eas</span> <span class='ocrx_word' id='word_1_173' title='bbox 1026 1492 1101 1530; x_wconf 27' lang='lat' dir='ltr'>*pro</span> <span class='ocrx_word' id='word_1_174' title='bbox 1128 1479 1307 1517; x_wconf 89' lang='lat' dir='ltr'>concione</span> <span class='ocrx_word' id='word_1_175' title='bbox 1325 1480 1417 1527; x_wconf 84' lang='lat' dir='ltr'>reci-</span> 
     </span>
     <span class='ocr_line' id='line_1_26' title="bbox 243 1533 1416 1584; baseline -0.001 -12"><span class='ocrx_word' id='word_1_176' title='bbox 243 1539 350 1578; x_wconf 78' lang='lat' dir='ltr'>taret,</span> <span class='ocrx_word' id='word_1_177' title='bbox 373 1534 460 1571; x_wconf 87' lang='lat' dir='ltr'>satis</span> <span class='ocrx_word' id='word_1_178' title='bbox 481 1533 638 1571; x_wconf 86' lang='lat' dir='ltr'>confisus</span> <span class='ocrx_word' id='word_1_179' title='bbox 660 1533 887 1572; x_wconf 87' lang='lat' dir='ltr'>Graecorum</span> <span class='ocrx_word' id='word_1_180' title='bbox 916 1546 1062 1584; x_wconf 91' lang='lat' dir='ltr'>quoque</span> <span class='ocrx_word' id='word_1_181' title='bbox 1089 1546 1180 1583; x_wconf 88' lang='lat' dir='ltr'>erga</span> <span class='ocrx_word' id='word_1_182' title='bbox 1198 1546 1237 1571; x_wconf 90' lang='lat' dir='ltr'>se</span> <span class='ocrx_word' id='word_1_183' title='bbox 1256 1534 1416 1571; x_wconf 89' lang='lat' dir='ltr'>benevo-</span> 
     </span>
     <span class='ocr_line' id='line_1_27' title="bbox 242 1587 1417 1632; baseline 0.001 -7"><span class='ocrx_word' id='word_1_184' title='bbox 242 1588 377 1625; x_wconf 87' lang='lat' dir='ltr'>lentiae</span> <span class='ocrx_word' id='word_1_185' title='bbox 405 1600 447 1624; x_wconf 84' lang='lat' dir='ltr'>ac</span> <span class='ocrx_word' id='word_1_186' title='bbox 473 1587 575 1624; x_wconf 88' lang='lat' dir='ltr'>fidei.</span> <span class='ocrx_word' id='word_1_187' title='bbox 644 1587 719 1625; x_wconf 89' lang='lat' dir='ltr'>Sed</span> <span class='ocrx_word' id='word_1_188' title='bbox 749 1587 947 1625; x_wconf 83' lang='lat' dir='ltr'>Parmenio</span> <span class='ocrx_word' id='word_1_189' title='bbox 975 1588 1187 1632; x_wconf 81' lang='lat' dir='ltr'>deterruit3</span> <span class='ocrx_word' id='word_1_190' title='bbox 1227 1599 1304 1624; x_wconf 89' lang='lat' dir='ltr'>non</span> <span class='ocrx_word' id='word_1_191' title='bbox 1337 1601 1417 1626; x_wconf 87' lang='lat' dir='ltr'>esse</span> 
     </span>
     <span class='ocr_line' id='line_1_28' title="bbox 242 1641 1417 1691; baseline -0.002 -11"><span class='ocrx_word' id='word_1_192' title='bbox 242 1642 378 1680; x_wconf 86' lang='lat' dir='ltr'>talibus</span> <span class='ocrx_word' id='word_1_193' title='bbox 397 1641 585 1691; x_wconf 87' lang='lat' dir='ltr'>promissis</span> <span class='ocrx_word' id='word_1_194' title='bbox 605 1641 824 1679; x_wconf 86' lang='lat' dir='ltr'>imbuendas</span> <span class='ocrx_word' id='word_1_195' title='bbox 850 1653 955 1679; x_wconf 89' lang='lat' dir='ltr'>aures</span> <span class='ocrx_word' id='word_1_196' title='bbox 983 1641 1143 1679; x_wconf 91' lang='lat' dir='ltr'>militum</span> <span class='ocrx_word' id='word_1_197' title='bbox 1164 1655 1173 1679; x_wconf 74' lang='grc' dir='ltr'><strong><em>ε</em></strong></span> <span class='ocrx_word' id='word_1_198' title='bbox 1202 1646 1330 1691; x_wconf 88' lang='lat' dir='ltr'>patere</span> <span class='ocrx_word' id='word_1_199' title='bbox 1357 1642 1417 1679; x_wconf 81' lang='lat' dir='ltr'>vel</span> 
     </span>
     <span class='ocr_line' id='line_1_29' title="bbox 239 1694 1416 1744; baseline 0 -11"><span class='ocrx_word' id='word_1_200' title='bbox 239 1696 348 1733; x_wconf 88' lang='lat' dir='ltr'>unius</span> <span class='ocrx_word' id='word_1_201' title='bbox 376 1695 519 1732; x_wconf 86' lang='lat' dir='ltr'>insidiis</span> <span class='ocrx_word' id='word_1_202' title='bbox 538 1707 686 1744; x_wconf 88' lang='lat' dir='ltr'>regem:</span> <span class='ocrx_word' id='word_1_203' title='bbox 727 1695 820 1733; x_wconf 92' lang='lat' dir='ltr'>nihil</span> <span class='ocrx_word' id='word_1_204' title='bbox 857 1695 959 1732; x_wconf 87' lang='lat' dir='ltr'>nefas</span> <span class='ocrx_word' id='word_1_205' title='bbox 995 1708 1074 1733; x_wconf 89' lang='lat' dir='ltr'>esse</span> <span class='ocrx_word' id='word_1_206' title='bbox 1106 1695 1294 1734; x_wconf 87' lang='lat' dir='ltr'>avaritiae.</span> <span class='ocrx_word' id='word_1_207' title='bbox 1350 1694 1416 1733; x_wconf 91' lang='lat' dir='ltr'>Se-</span> 
     </span>
     <span class='ocr_line' id='line_1_30' title="bbox 240 1748 1414 1798; baseline -0.001 -11"><span class='ocrx_word' id='word_1_208' title='bbox 240 1755 376 1798; x_wconf 84' lang='lat' dir='ltr'>quutus</span> <span class='ocrx_word' id='word_1_209' title='bbox 405 1749 548 1787; x_wconf 88' lang='lat' dir='ltr'>consilii</span> <span class='ocrx_word' id='word_1_210' title='bbox 575 1755 774 1795; x_wconf 86' lang='lat' dir='ltr'>auctorem,</span> <span class='ocrx_word' id='word_1_211' title='bbox 805 1755 925 1787; x_wconf 83' lang='lat' dir='ltr'>castra</span> <span class='ocrx_word' id='word_1_212' title='bbox 961 1749 1091 1787; x_wconf 86' lang='lat' dir='ltr'>movit.</span> <span class='ocrx_word' id='word_1_213' title='bbox 1161 1748 1238 1787; x_wconf 88' lang='lat' dir='ltr'>Iter</span> <span class='ocrx_word' id='word_1_214' title='bbox 1264 1748 1414 1787; x_wconf 86' lang='lat' dir='ltr'>facienti</span> 
     </span>
     <span class='ocr_line' id='line_1_31' title="bbox 239 1802 1407 1853; baseline -0.001 -12"><span class='ocrx_word' id='word_1_215' title='bbox 239 1804 365 1853; x_wconf 86' lang='lat' dir='ltr'>spado,</span> <span class='ocrx_word' id='word_1_216' title='bbox 386 1816 482 1841; x_wconf 88' lang='lat' dir='ltr'>unus</span> <span class='ocrx_word' id='word_1_217' title='bbox 502 1816 547 1840; x_wconf 85' lang='lat' dir='ltr'>ex</span> <span class='ocrx_word' id='word_1_218' title='bbox 566 1804 721 1853; x_wconf 85' lang='lat' dir='ltr'>captivis</span> <span class='ocrx_word' id='word_1_219' title='bbox 740 1803 802 1852; x_wconf 91' lang='lat' dir='ltr'>qui</span> <span class='ocrx_word' id='word_1_220' title='bbox 823 1802 928 1840; x_wconf 87' lang='lat' dir='ltr'>Darii</span> <span class='ocrx_word' id='word_1_221' title='bbox 950 1815 1102 1840; x_wconf 83' lang='lat' dir='ltr'>uxorem</span> <span class='ocrx_word' id='word_1_222' title='bbox 1123 1802 1407 1847; x_wconf 86' lang='lat' dir='ltr'>comitabantur,</span> 
     </span>
     <span class='ocr_line' id='line_1_32' title="bbox 239 1855 1410 1906; baseline -0.002 -11"><span class='ocrx_word' id='word_1_223' title='bbox 239 1858 395 1895; x_wconf 88' lang='lat' dir='ltr'>deficere</span> <span class='ocrx_word' id='word_1_224' title='bbox 413 1869 493 1895; x_wconf 90' lang='lat' dir='ltr'>eam</span> <span class='ocrx_word' id='word_1_225' title='bbox 513 1857 677 1903; x_wconf 74' lang='lat' dir='ltr'>nunciat,</span> <span class='ocrx_word' id='word_1_226' title='bbox 706 1863 744 1896; x_wconf 90' lang='lat' dir='ltr'>et</span> <span class='ocrx_word' id='word_1_227' title='bbox 771 1857 833 1894; x_wconf 80' lang='lat' dir='ltr'>vix</span> <span class='ocrx_word' id='word_1_228' title='bbox 861 1856 1029 1906; x_wconf 84' lang='lat' dir='ltr'>spiritum</span> <span class='ocrx_word' id='word_1_229' title='bbox 1057 1856 1204 1894; x_wconf 89' lang='lat' dir='ltr'>ducere.</span> <span class='ocrx_word' id='word_1_230' title='bbox 1262 1855 1410 1894; x_wconf 87' lang='lat' dir='ltr'>Itineris</span> 
     </span>
     <span class='ocr_line' id='line_1_33' title="bbox 237 1910 1410 1961; baseline -0.001 -12"><span class='ocrx_word' id='word_1_231' title='bbox 237 1911 404 1950; x_wconf 82' lang='lat' dir='ltr'>continui</span> <span class='ocrx_word' id='word_1_232' title='bbox 443 1911 570 1948; x_wconf 88' lang='lat' dir='ltr'>labore</span> <span class='ocrx_word' id='word_1_233' title='bbox 611 1911 795 1961; x_wconf 88' lang='lat' dir='ltr'>animique</span> <span class='ocrx_word' id='word_1_234' title='bbox 836 1910 1069 1959; x_wconf 85' lang='lat' dir='ltr'>aegritudine</span> <span class='ocrx_word' id='word_1_235' title='bbox 1104 1910 1272 1960; x_wconf 85' lang='lat' dir='ltr'>fatigata,</span> <span class='ocrx_word' id='word_1_236' title='bbox 1310 1910 1410 1948; x_wconf 86' lang='lat' dir='ltr'>inter</span> 
     </span>
     <span class='ocr_line' id='line_1_34' title="bbox 236 1964 1409 2014; baseline -0.001 -11"><span class='ocrx_word' id='word_1_237' title='bbox 236 1978 359 2004; x_wconf 85' lang='lat' dir='ltr'>socrus</span> <span class='ocrx_word' id='word_1_238' title='bbox 379 1971 416 2003; x_wconf 83' lang='lat' dir='ltr'>et</span> <span class='ocrx_word' id='word_1_239' title='bbox 435 1965 614 2013; x_wconf 78' lang='lat' dir='ltr'>virginum</span> <span class='ocrx_word' id='word_1_240' title='bbox 632 1965 793 2003; x_wconf 89' lang='lat' dir='ltr'>filiarum</span> <span class='ocrx_word' id='word_1_241' title='bbox 819 1977 947 2002; x_wconf 89' lang='lat' dir='ltr'>manus</span> <span class='ocrx_word' id='word_1_242' title='bbox 975 1964 1133 2014; x_wconf 89' lang='lat' dir='ltr'>collapsa</span> <span class='ocrx_word' id='word_1_243' title='bbox 1160 1970 1251 2010; x_wconf 87' lang='lat' dir='ltr'>erat,</span> <span class='ocrx_word' id='word_1_244' title='bbox 1272 1964 1409 2002; x_wconf 83' lang='lat' dir='ltr'>deinde</span> 
     </span>
     <span class='ocr_line' id='line_1_35' title="bbox 239 2017 1407 2069; baseline -0.001 -12"><span class='ocrx_word' id='word_1_245' title='bbox 239 2026 275 2058; x_wconf 85' lang='lat' dir='ltr'>et</span> <span class='ocrx_word' id='word_1_246' title='bbox 314 2020 507 2057; x_wconf 85' lang='lat' dir='ltr'>extincta:</span> <span class='ocrx_word' id='word_1_247' title='bbox 537 2019 574 2056; x_wconf 91' lang='lat' dir='ltr'>id</span> <span class='ocrx_word' id='word_1_248' title='bbox 602 2019 721 2069; x_wconf 90' lang='lat' dir='ltr'>ipsum</span> <span class='ocrx_word' id='word_1_249' title='bbox 749 2019 929 2056; x_wconf 85' lang='lat' dir='ltr'>nuncians</span> <span class='ocrx_word' id='word_1_250' title='bbox 954 2018 1046 2056; x_wconf 91' lang='lat' dir='ltr'>alius</span> <span class='ocrx_word' id='word_1_251' title='bbox 1074 2018 1301 2068; x_wconf 79' lang='lat' dir='ltr'>supervenit.</span> <span class='ocrx_word' id='word_1_252' title='bbox 1357 2017 1407 2057; x_wconf 84' lang='lat' dir='ltr'>Et.</span> 
     </span>
     <span class='ocr_line' id='line_1_36' title="bbox 238 2072 1407 2121; baseline -0.001 -11"><span class='ocrx_word' id='word_1_253' title='bbox 238 2086 313 2119; x_wconf 80' lang='lat' dir='ltr'>rex,</span> <span class='ocrx_word' id='word_1_254' title='bbox 349 2073 450 2110; x_wconf 88' lang='lat' dir='ltr'>haud</span> <span class='ocrx_word' id='word_1_255' title='bbox 478 2085 582 2110; x_wconf 90' lang='lat' dir='ltr'>secus</span> <span class='ocrx_word' id='word_1_256' title='bbox 609 2085 718 2121; x_wconf 89' lang='lat' dir='ltr'>quam</span> <span class='ocrx_word' id='word_1_257' title='bbox 746 2073 776 2110; x_wconf 88' lang='lat' dir='ltr'>si</span> <span class='ocrx_word' id='word_1_258' title='bbox 802 2072 965 2121; x_wconf 87' lang='lat' dir='ltr'>parentis</span> <span class='ocrx_word' id='word_1_259' title='bbox 992 2084 1079 2110; x_wconf 86' lang='lat' dir='ltr'>suae</span> <span class='ocrx_word' id='word_1_260' title='bbox 1106 2084 1204 2110; x_wconf 88' lang='lat' dir='ltr'>mors</span> <span class='ocrx_word' id='word_1_261' title='bbox 1231 2072 1407 2110; x_wconf 86' lang='lat' dir='ltr'>nunciata</span> 
     </span>
     <span class='ocr_line' id='line_1_37' title="bbox 238 2125 1407 2176; baseline 0 -12"><span class='ocrx_word' id='word_1_262' title='bbox 238 2133 344 2173; x_wconf 88' lang='lat' dir='ltr'>esset,</span> <span class='ocrx_word' id='word_1_263' title='bbox 360 2127 508 2164; x_wconf 89' lang='lat' dir='ltr'>crebros</span> <span class='ocrx_word' id='word_1_264' title='bbox 527 2126 646 2165; x_wconf 89' lang='lat' dir='ltr'>edidit</span> <span class='ocrx_word' id='word_1_265' title='bbox 663 2127 825 2175; x_wconf 84' lang='lat' dir='ltr'>gemitus</span> <span class='ocrx_word' id='word_1_266' title='bbox 841 2140 849 2164; x_wconf 74' lang='grc' dir='ltr'>ε</span> <span class='ocrx_word' id='word_1_267' title='bbox 871 2126 1102 2175; x_wconf 84' lang='lat' dir='ltr'>lacrimisque</span> <span class='ocrx_word' id='word_1_268' title='bbox 1121 2125 1263 2164; x_wconf 89' lang='lat' dir='ltr'>obortis</span> <span class='ocrx_word' id='word_1_269' title='bbox 1281 2126 1407 2176; x_wconf 87' lang='lat' dir='ltr'>quales</span> 
     </span>
     <span class='ocr_line' id='line_1_38' title="bbox 238 2180 1405 2230; baseline 0.001 -13"><span class='ocrx_word' id='word_1_270' title='bbox 238 2181 376 2218; x_wconf 88' lang='lat' dir='ltr'>Darius</span> <span class='ocrx_word' id='word_1_271' title='bbox 395 2180 630 2230; x_wconf 86' lang='lat' dir='ltr'>profudisset,</span> <span class='ocrx_word' id='word_1_272' title='bbox 651 2180 690 2217; x_wconf 88' lang='lat' dir='ltr'>in</span> <span class='ocrx_word' id='word_1_273' title='bbox 709 2180 999 2226; x_wconf 84' lang='lat' dir='ltr'>tabernaculum,</span> <span class='ocrx_word' id='word_1_274' title='bbox 1019 2180 1058 2218; x_wconf 91' lang='lat' dir='ltr'>in</span> <span class='ocrx_word' id='word_1_275' title='bbox 1087 2191 1160 2228; x_wconf 92' lang='lat' dir='ltr'>quo</span> <span class='ocrx_word' id='word_1_276' title='bbox 1179 2184 1299 2218; x_wconf 82' lang='lat' dir='ltr'>mater</span> <span class='ocrx_word' id='word_1_277' title='bbox 1326 2186 1405 2218; x_wconf 81' lang='lat' dir='ltr'>erat</span> 
     </span>
     <span class='ocr_line' id='line_1_39' title="bbox 237 2233 1404 2283; baseline 0 -12"><span class='ocrx_word' id='word_1_278' title='bbox 237 2234 357 2281; x_wconf 88' lang='lat' dir='ltr'>Darii,</span> <span class='ocrx_word' id='word_1_279' title='bbox 377 2234 553 2271; x_wconf 86' lang='lat' dir='ltr'>defuncto</span> <span class='ocrx_word' id='word_1_280' title='bbox 572 2233 735 2271; x_wconf 89' lang='lat' dir='ltr'>assidens</span> <span class='ocrx_word' id='word_1_281' title='bbox 754 2234 910 2283; x_wconf 83' lang='lat' dir='ltr'>corpori,</span> <span class='ocrx_word' id='word_1_282' title='bbox 930 2234 1043 2272; x_wconf 82' lang='lat' dir='ltr'>venit.</span> <span class='ocrx_word' id='word_1_283' title='bbox 1100 2234 1176 2272; x_wconf 90' lang='lat' dir='ltr'>Hic</span> <span class='ocrx_word' id='word_1_284' title='bbox 1191 2245 1278 2272; x_wconf 87' lang='lat' dir='ltr'>vero</span> <span class='ocrx_word' id='word_1_285' title='bbox 1296 2246 1404 2272; x_wconf 88' lang='lat' dir='ltr'>reno·</span> 
     </span>
     <span class='ocr_line' id='line_1_40' title="bbox 236 2287 1404 2337; baseline -0.002 -12"><span class='ocrx_word' id='word_1_286' title='bbox 236 2295 343 2327; x_wconf 77' lang='lat' dir='ltr'>vatus</span> <span class='ocrx_word' id='word_1_287' title='bbox 370 2293 426 2326; x_wconf 89' lang='lat' dir='ltr'>est</span> <span class='ocrx_word' id='word_1_288' title='bbox 452 2300 609 2333; x_wconf 86' lang='lat' dir='ltr'>moeror,</span> <span class='ocrx_word' id='word_1_289' title='bbox 636 2293 677 2326; x_wconf 76' lang='lat' dir='ltr'>ut</span> <span class='ocrx_word' id='word_1_290' title='bbox 704 2292 927 2337; x_wconf 89' lang='lat' dir='ltr'>prostratam</span> <span class='ocrx_word' id='word_1_291' title='bbox 965 2288 1065 2326; x_wconf 88' lang='lat' dir='ltr'>humi</span> <span class='ocrx_word' id='word_1_292' title='bbox 1104 2288 1225 2327; x_wconf 85' lang='lat' dir='ltr'>vidit:</span> <span class='ocrx_word' id='word_1_293' title='bbox 1264 2287 1404 2326; x_wconf 84' lang='lat' dir='ltr'>recenti</span> 
     </span>
     <span class='ocr_line' id='line_1_41' title="bbox 238 2340 1403 2392; baseline -0.003 -12"><span class='ocrx_word' id='word_1_294' title='bbox 238 2342 332 2380; x_wconf 87' lang='lat' dir='ltr'>malo</span> <span class='ocrx_word' id='word_1_295' title='bbox 351 2342 515 2392; x_wconf 89' lang='lat' dir='ltr'>priorum</span> <span class='ocrx_word' id='word_1_296' title='bbox 543 2353 688 2389; x_wconf 89' lang='lat' dir='ltr'>quoque</span> <span class='ocrx_word' id='word_1_297' title='bbox 715 2341 916 2388; x_wconf 85' lang='lat' dir='ltr'>admonita,</span> <span class='ocrx_word' id='word_1_298' title='bbox 945 2347 1131 2392; x_wconf 87' lang='lat' dir='ltr'>receperat</span> <span class='ocrx_word' id='word_1_299' title='bbox 1157 2342 1196 2379; x_wconf 91' lang='lat' dir='ltr'>in</span> <span class='ocrx_word' id='word_1_300' title='bbox 1222 2340 1403 2391; x_wconf 86' lang='lat' dir='ltr'>gremium</span> 
     </span>
     <span class='ocr_line' id='line_1_42' title="bbox 238 2394 1411 2446; baseline -0.003 -11"><span class='ocrx_word' id='word_1_301' title='bbox 238 2396 380 2436; x_wconf 71' lang='lat' dir='ltr'>adultas</span> <span class='ocrx_word' id='word_1_302' title='bbox 407 2395 575 2444; x_wconf 85' lang='lat' dir='ltr'>virgines,</span> <span class='ocrx_word' id='word_1_303' title='bbox 604 2407 739 2446; x_wconf 84' lang='lat' dir='ltr'>magna</span> <span class='ocrx_word' id='word_1_304' title='bbox 775 2395 921 2443; x_wconf 88' lang='lat' dir='ltr'>quidem</span> <span class='ocrx_word' id='word_1_305' title='bbox 950 2397 1073 2439; x_wconf 61' lang='lat' dir='ltr'>mutui,</span> <span class='ocrx_word' id='word_1_306' title='bbox 1095 2395 1233 2438; x_wconf 86' lang='lat' dir='ltr'>doloris</span> <span class='ocrx_word' id='word_1_307' title='bbox 1261 2394 1411 2442; x_wconf 28' lang='lat' dir='ltr'>solatia,-</span> 
     </span>
    </p>
   </div>
  </div>
 </body>
</html>
