1496 2671
282 154 331 189 52
559 152 751 198 QUINTI
781 153 970 192 CURTII
999 153 1132 191 RUFI

279 262 413 310 captivi
443 262 670 299 Graecorum
698 262 772 299 suis
789 262 1074 300 restituerentur
1092 262 1248 301 orabant
1267 275 1277 308 ;
1306 262 1448 302 Rhodii

278 320 314 353 et
335 316 418 352 Chii
447 315 493 352 de
511 316 694 364 praesidio
712 317 962 364 querebantur
981 328 991 363 3
1019 328 1148 353 omnes
1167 328 1283 366 aequa
1300 316 1445 357 deside-

277 381 358 406 rare
390 369 458 405 visi
484 369 787 419 impetraverunt.
844 369 1080 419 Mitylenaeis
1097 381 1242 418 quoque
1269 370 1318 407 ob
1336 383 1443 420 egre·

277 423 368 469 giam
388 423 427 459 in
447 427 569 472 partes
589 436 672 461 suas
690 424 813 468 fidem,
834 428 872 462 et
891 422 1097 471 pecuniam,
1112 436 1221 472 quam
1239 424 1279 461 in
1306 424 1444 462 bellum

276 476 544 525 impenderant,
557 475 740 528 [obsides]
750 477 925 523 reddidit,
935 482 973 514 et
983 481 1156 526 magnam
1169 478 1359 527 regionem
1373 479 1445 516 fin-

275 530 356 566 ibus
385 543 510 567 eorum
539 531 685 579 adjecit.
744 530 966 580 Cypriorum
993 542 1136 579 quoque
1157 532 1320 580 regibus,
1341 532 1405 581 qui
1422 545 1445 570 a

276 583 394 621 Dario
405 584 615 622 defecerant
628 585 676 621 ad
687 585 817 634 ipsum,
827 589 865 622 et
872 584 1106 633 oppugnanti
1114 584 1255 635 Tyrum
1267 585 1443 627 miserant

277 638 440 683 classem,
475 651 542 687 pro
579 639 712 676 merito
748 638 866 675 honos
892 637 1042 675 habitus
1069 643 1136 677 est.
1190 639 1444 688 Amphoterus

275 691 421 737 deinde,
442 692 566 729 classis
592 692 808 741 praefectus,
830 692 877 729 ad
891 691 1121 729 liberandam
1141 690 1292 730 Cretam
1313 693 1445 731 missus

278 744 455 794 (namque
481 751 518 783 et
547 746 743 783 Persarum
772 750 810 783 et
831 745 1099 794 Spartanorum
1128 745 1240 784 armis
1267 745 1445 796 pleraque

275 799 353 847 ejus
372 799 513 836 insulae
540 798 836 850 obsidebantur‚)
867 805 954 836 ante
972 799 1097 836 omnia
1116 811 1216 837 mare
1233 812 1256 837 a
1281 799 1446 848 piraticis

275 853 450 889 classibus
477 853 666 890 vindicare
679 853 826 902 jussus3
856 853 993 902 quippe
1019 853 1220 890 obnoxium
1248 854 1445 903 praedoni-

274 907 342 942 bus
362 912 451 951 erat,
472 906 511 942 in
531 907 666 944 bellum
685 912 843 954 utroque
862 919 951 955 rege
969 919 1159 944 converso.
1199 906 1272 944 His
1290 919 1442 957 compo·

274 961 363 997 sitis.
386 959 540 996 Herculi
570 960 686 1010 Tyrio
706 973 751 997 ex
771 972 862 997 auro
889 966 1069 997 crateram
1088 972 1171 998 oum
1191 960 1348 1009 triginta
1375 974 1441 1010 pa-

273 1014 360 1051 teris
388 1014 549 1057 dicavit3
578 1014 847 1061 imminensque
883 1013 1011 1060 Dario,
1040 1014 1112 1052 iter
1138 1013 1186 1051 ad
1223 1013 1442 1064 Euphraten

274 1068 510 1116 pronunciari
524 1066 649 1116 jussit.

324 1121 506 1158 XXXIV.
537 1123 574 1159 9.
601 1122 654 1159 At
675 1122 824 1167 Darius,
845 1133 957 1169 quum
977 1121 1024 1158 ab
1045 1120 1222 1171 Aegypto
1241 1121 1437 1160 divertisse

269 1176 305 1211 in
335 1176 498 1212 Africam
529 1176 671 1213 hostem
709 1176 958 1225 comperisset,
997 1174 1240 1221 dubitaverat,
1269 1180 1446 1213 utrumne

273 1230 367 1265 eirca
397 1226 704 1278 Mesopotamiam
733 1229 958 1273 subsisteret,
988 1241 1037 1265 an
1054 1228 1232 1266 interiora
1249 1229 1357 1278 regni
1384 1229 1442 1266 sui

272 1290 435 1331 peteret:
466 1283 566 1320 haud
593 1283 706 1320 dubie
725 1283 912 1332 potentior
939 1288 1069 1320 auctor
1096 1294 1270 1332 praesens
1296 1282 1442 1321 futurus

274 1337 409 1374 ultimis
428 1337 603 1385 gentibus
621 1337 780 1386 impigre
798 1336 936 1373 bellum
955 1336 1182 1385 capessendi,
1212 1348 1304 1385 quas
1332 1348 1444 1385 aegre

271 1403 333 1439 per
347 1391 550 1439 praefectos
570 1403 655 1427 suos
675 1391 908 1429 moliebatur.
964 1389 1039 1427 Sed
1058 1394 1102 1427 ut
1119 1389 1262 1427 idoneis
1282 1390 1444 1428 auctori-

266 1445 334 1480 bus
362 1443 458 1480 fama
486 1444 663 1505 vulgavit,
702 1443 958 1480 Alexandrum
995 1456 1078 1480 cum
1116 1442 1286 1482 omnibus
1313 1443 1439 1494 copiis,

268 1510 536 1546 quamcumque
563 1499 642 1547 ipse
668 1498 818 1535 adiisset
844 1497 1047 1546 regionem,
1076 1497 1310 1558 petiturum:
1339 1497 1442 1536 haud

267 1553 416 1599 ignauis
435 1563 543 1612 quam
573 1564 657 1588 cum
675 1557 827 1589 strenuo
855 1564 912 1588 res
939 1555 1047 1596 esset,
1069 1551 1192 1588 omnia
1218 1551 1438 1601 longinqua·

267 1618 347 1641 ium
367 1605 536 1653 gentium
555 1605 692 1642 auxilia
713 1605 957 1654 Babyloniam
980 1604 1150 1645 contrahi
1160 1604 1284 1653 jussit.
1341 1605 1437 1642 Bac-

268 1660 378 1695 triani
398 1659 634 1709 Scythaeque
653 1664 690 1696 et
711 1659 795 1695 Indi
813 1664 1066 1696 convenerant
1086 1671 1094 1695 :
1124 1670 1210 1695 nam
1241 1664 1278 1697 et
1297 1664 1438 1696 cetera-

266 1726 346 1749 rum
375 1714 543 1761 gentium
571 1713 698 1762 copiae
725 1713 892 1762 partibus
920 1712 1030 1749 simul
1057 1711 1270 1755 adfuerunt.
1327 1712 1435 1751 Cete-

267 1779 345 1802 rum
383 1779 494 1814 quum
530 1766 683 1803 dimidio
710 1767 825 1803 ferme
853 1765 969 1814 major
996 1770 1092 1803 essct
1114 1765 1302 1803 exercitus
1329 1777 1438 1814 quam

267 1821 304 1856 in
326 1820 455 1857 Cilicia
473 1820 604 1867 fuerat,
626 1820 753 1858 multis
772 1832 874 1856 arma
892 1819 1057 1865 deerant,
1078 1832 1173 1868 quae
1190 1831 1333 1856 summa
1351 1832 1440 1857 cura

265 1875 586 1923 ‹·omparabantur.
641 1874 839 1922 Equitibus
871 1873 1044 1921 equisque
1085 1877 1304 1922 tegumenta
1330 1879 1437 1912 erant

265 1941 309 1964 ex
329 1928 456 1965 ferreis
482 1928 628 1964 laminis
656 1927 749 1965 serie
766 1928 864 1965 inter
891 1940 930 1964 se
956 1927 1160 1964 connexis:
1195 1926 1298 1975 queis
1326 1931 1436 1965 antea

265 1989 409 2031 praeter
431 1982 553 2030 jacula
580 1981 672 2018 nihil
689 1981 856 2027 dederat,
877 1987 982 2019 scuta
998 1980 1185 2029 gladiique
1213 1980 1436 2029 adjicieban-

265 2044 349 2072 tur:
382 2048 632 2084 equorumque
660 2035 838 2072 domandi
863 2047 996 2083 greges
1032 2034 1220 2083 peditibus
1246 2033 1438 2073 distributi

266 2094 362 2133 sunt,
386 2096 427 2126 ut
453 2089 570 2137 major
596 2089 752 2138 pristino
787 2094 884 2126 esset
910 2087 1120 2137 equitatus:
1150 2088 1367 2137 ingensque,
1395 2093 1439 2126 ut

267 2143 481 2186 crediderat,
502 2150 622 2180 terror
654 2138 825 2187 hostium,
846 2142 1028 2179 ducentae
1045 2141 1204 2180 falcatae
1219 2141 1432 2190 quadrigae,

267 2197 415 2232 unicum
443 2196 587 2232 illarum
616 2195 784 2245 gentium
813 2195 1004 2241 auxilium,
1032 2201 1182 2233 secutae
1207 2199 1307 2233 sunt.
1375 2193 1434 2232 Ex

266 2261 408 2286 summo
427 2255 575 2286 temone
593 2249 720 2287 hastae
737 2249 921 2298 praefixae
932 2248 1030 2286 ferro
1049 2249 1284 2294 eminebant;
1303 2247 1433 2286 utrim-

269 2315 339 2351 que
359 2315 379 2339 a
401 2303 495 2351 jugo
525 2308 650 2340 ternos
682 2303 896 2340 direxerant
922 2303 1095 2351 gladios:
1125 2308 1164 2341 et
1188 2302 1290 2340 inter
1311 2300 1435 2339 radios

265 2363 429 2395 rotarum
466 2357 572 2405 plura
599 2355 739 2406 spicula
766 2356 978 2395 eminebant
1004 2357 1044 2393 in
1071 2356 1294 2394 adversum:
1339 2354 1432 2392 aliae

266 2410 399 2448 deinde
431 2410 541 2448 falces
569 2410 720 2448 summis
757 2414 923 2449 rotarum
951 2410 1104 2448 orbibus
1130 2409 1360 2453 haerebant3
1391 2414 1427 2446 et
