1496 2671
324 191 398 229 DE
427 190 608 228 BELLO
640 188 890 229 GALLICO
918 190 1022 227 Llss.
1052 189 1087 226 Ι.
1250 189 1300 225 25

105 299 258 338 ’ratione
286 309 326 335 se
352 309 430 334 non
466 308 549 334 esse
587 301 810 334 venturum.
868 296 1010 342 Caesar,
1045 296 1148 345 quod
1177 307 1302 343 neque

108 350 341 401 colloquium
395 350 624 398 interposita
674 347 789 387 causa
834 350 917 387 tolli
963 350 1127 395 volebat,
1174 361 1301 396 neque

107 405 272 444 salutem
308 416 416 441 suam
454 401 658 441 Gallorum
685 403 874 452 equitatui
904 403 1144 441 committere
1181 402 1300 440 aude-

109 459 186 503 bat,
232 457 583 495 commodissimum
628 468 712 494 esse
765 457 912 502 statuit,
961 457 1139 494 omnibus
1194 455 1301 505 equis

110 510 236 549 Gallis
290 511 486 560 equitibus
541 510 735 555 detractis,
792 522 837 547 eo
880 510 1111 559 legionarios
1158 509 1301 546 milites

109 563 273 613 legionis
291 564 463 609 decimae,
495 563 560 602 cui
591 576 708 612 quam
740 563 909 600 maxime
927 563 1155 608 confidebat,
1176 563 1301 611 impo-

108 629 213 663 nere,
234 622 278 654 ut
302 617 526 667 praesidium
555 629 671 665 quam
699 616 985 662 amicissimum,
1016 617 1049 654 si
1077 616 1171 665 quid
1198 615 1300 653 sacto

107 682 206 720 opus
225 677 336 717 esset,
356 672 530 709 haberet.
589 669 702 716 Quod
720 682 842 719 quum
860 670 984 715 fieret,
1002 682 1081 707 non
1099 669 1299 707 irridicule

106 723 268 772 quidam
286 737 337 762 ex
364 724 553 761 militibus
581 723 738 761 decimae
758 723 922 773 legionis
941 723 1055 772 dixit,
1074 723 1161 772 plus
1181 735 1298 771 quam

108 777 306 826 pollicitus
336 783 447 822 esset,
476 777 670 823 Caesarem
699 777 735 814 ei
763 778 906 815 facere:
936 776 1165 825 pollicitum,
1196 788 1237 813 se
1255 775 1298 812 in

110 830 279 868 cohortis
304 832 494 880 praetoriae
521 831 605 868 loco
633 831 820 869 decimam
838 831 1032 880 legionem
1058 830 1296 875 habiturum,

108 896 215 921 nunc
234 885 283 922 ad
302 897 444 934 equum
462 885 686 922 rescribere.

165 937 324 975 XLIII.
354 937 543 976 Planicies
562 943 645 975 erat
656 950 806 987 magna,
824 937 918 975 etin
932 939 979 974 ea
993 937 1165 974 tumulus
1179 942 1304 974 terre·-

112 1003 186 1028 nus
205 992 298 1029 satis
315 992 486 1041 grandis.
525 990 602 1029 Hic
621 992 726 1029 locus
740 1002 849 1040 aequo
863 990 945 1028 fere
957 991 1082 1040 spatio
1098 992 1146 1028 ab
1165 989 1303 1028 castris

112 1044 287 1092 utrisque
315 1046 458 1083 aberat.
533 1045 603 1091 Eo,
631 1050 674 1082 ut
707 1051 790 1082 erat
819 1044 976 1090 dictum,
1005 1045 1053 1082 ad
1072 1043 1306 1092 colloquium

113 1104 321 1135 venerunt.
375 1098 587 1148 Legionem
616 1096 757 1143 Caesar,
794 1110 910 1147 quam
938 1099 1049 1147 equis
1082 1099 1303 1143 devexerat,

113 1151 290 1200 passibus
309 1151 486 1189 ducentis
505 1152 553 1189 ab
573 1164 619 1189 eo
632 1150 782 1189 tumulo
797 1152 1009 1189 constituit.
1039 1151 1141 1189 Item
1156 1150 1306 1199 equites

113 1204 307 1242 Ariovisti
325 1205 409 1254 pari
425 1204 633 1243 intervallo
651 1204 921 1242 constiterunt.
978 1203 1214 1249 Ariovistus,
1235 1216 1306 1241 ex-

112 1257 223 1306 equis
242 1264 286 1295 ut
304 1258 623 1307 colloquerentur,
643 1263 682 1295 et
701 1263 842 1307 praeter
859 1271 900 1296 se
920 1258 1038 1296 denos
1058 1265 1103 1295 ut
1122 1258 1170 1296 ad
1189 1257 1306 1295 collo-

113 1311 248 1358 quium
284 1312 530 1358 adducerent,
567 1311 793 1360 postulavst-
850 1311 932 1349 Ubi
960 1324 1005 1349 eo
1039 1319 1198 1349 ventum
1234 1316 1304 1356 est,

113 1362 248 1402 Caesar
266 1365 380 1402 initio
399 1365 584 1403 orationis
602 1376 671 1402 sua
689 1363 923 1413 senatusque
950 1365 992 1401 in
1011 1378 1100 1402 eum
1119 1364 1308 1402 beneficia

114 1418 439 1464 commemoravit,
459 1419 562 1467 quod
588 1430 750 1456 munera
777 1418 1013 1469 amplissima
1031 1419 1162 1456 missa:
1191 1430 1308 1466 quam

115 1483 199 1508 rem
218 1477 257 1509 et
275 1472 408 1521 paucis
422 1471 639 1521 contigisse,
653 1478 692 1509 et
703 1484 774 1520 pro
792 1472 943 1521 magnis
956 1472 1157 1509 hominum
1171 1471 1308 1509 officiis

115 1536 320 1563 consuesse
347 1525 469 1563 tribui
491 1525 667 1562 docebat:
695 1525 819 1570 illum,
847 1538 968 1574 quum
995 1538 1120 1575 neque
1146 1525 1305 1572 aditum,

117 1590 242 1627 neque
260 1591 416 1617 causam
442 1578 662 1628 postulandi
682 1577 832 1626 justam
856 1579 1028 1625 haberet,
1059 1579 1246 1617 beneficio
1265 1593 1309 1619 ac

117 1631 348 1670 liberalitate
376 1634 447 1670 sua
483 1644 528 1670 ac
560 1631 717 1670 senatus
754 1644 799 1670 ea
842 1633 1001 1682 praemia
1046 1639 1308 1672 consecutum.

118 1685 293 1723 Docebat
322 1685 449 1732 etiam,
481 1697 598 1734 quam
630 1690 782 1723 veteres
815 1698 1007 1735 quamque
1033 1685 1151 1734 justae
1184 1699 1308 1726 causae

118 1739 414 1777 necessitudinis
450 1739 546 1788 ipsis
582 1751 672 1776 cum
709 1739 854 1776 AEduis
890 1740 1185 1785 intercederent,
1225 1754 1311 1789 quae

119 1792 277 1830 senatus
314 1793 499 1839 consulta,
539 1792 689 1841 quoties
723 1805 915 1842 quamque
950 1794 1160 1831 honorifica
1189 1795 1311 1833 ineos

119 1845 222 1884 iacta
239 1854 382 1884 essent:
411 1851 455 1884 ut
487 1846 593 1883 omni
620 1852 792 1895 tempore
820 1847 940 1884 totius
962 1845 1100 1886 Galliae
1118 1847 1311 1898 principa·-

121 1904 206 1936 tum
242 1899 367 1937 AEdui
412 1900 637 1945 tenuissent,
689 1900 798 1948 prius
835 1900 952 1938 etiam
988 1912 1105 1948 quam
1141 1907 1313 1939 nostram

121 1953 332 1991 amicitiam
359 1954 610 2004 appetissent:
639 1953 771 2002 populi
801 1952 963 1991 Romani
990 1955 1089 1992 hanc
1118 1967 1201 1993 esse
1220 1968 1312 1993 con-

124 2006 378 2053 suetudinem,
398 2013 442 2044 ut
470 2007 591 2045 socios
610 2014 726 2055 atque
746 2007 887 2045 amicos
907 2020 984 2044 non
1002 2008 1115 2045 modo
1135 2009 1194 2045 sui
1214 2010 1313 2046 nihil

122 2059 342 2108 deperdere,
363 2061 429 2098 sed
447 2058 584 2109 gratia,
610 2060 812 2108 dignitate,
842 2061 987 2099 honore
1006 2062 1196 2099 auctiores
1219 2063 1313 2101 velit

123 2125 222 2150 esse:
237 2113 338 2162 quod
354 2126 445 2152 vero
457 2115 506 2152 ad
525 2113 735 2151 amicitiam
751 2115 881 2163 populi
899 2115 1063 2153 Romani
1079 2115 1310 2161 attulissent,

123 2166 164 2203 id
181 2167 231 2203 iis
251 2166 348 2215 eripi
367 2167 454 2215 quis
480 2168 560 2217 pati
579 2167 730 2217 posset?
771 2168 991 2206 Postulavit
1010 2169 1147 2206 deinde
1166 2171 1310 2216 eadem,

123 2232 210 2269 quae
245 2219 383 2269 legatis
418 2221 461 2257 in
491 2221 682 2259 mandatis
711 2221 882 2268 dederat,
914 2234 963 2260 ne
993 2229 1060 2260 aut
1079 2223 1224 2261 AEduis
1243 2232 1312 2262 aut

123 2285 257 2310 eorum
285 2273 399 2310 sociis
417 2273 559 2311 bellum
577 2275 752 2319 inferret3
780 2275 931 2313 obsides
950 2277 1143 2314 redderet:
1173 2277 1205 2314 si
1224 2278 1311 2314 nul-

124 2326 202 2364 lam
219 2331 366 2375 partem
395 2325 675 2365 Germanorum
703 2329 859 2367 domum
891 2330 1089 2367 remittere
1108 2337 1249 2380 posset,
1270 2338 1310 2368 at

123 2391 174 2418 ne
195 2392 290 2429 quos
307 2380 469 2430 amplius
497 2381 677 2420 Rhenum
704 2383 870 2421 transire
888 2389 1095 2434 pateretur.

701 2444 726 2473 C
