1496 2671
505 167 955 206 THEMISTOCLES.
1284 166 1329 203 15

140 277 304 314 amicum
337 274 502 321 habebis,
523 288 640 325 qaam
659 275 809 321 sortem
843 275 1039 311 inimicum
1059 273 1122 310 ille
1151 279 1329 322 expertus

140 336 202 367 est.
258 329 324 366 Ea
355 335 481 366 autem
509 342 612 377 royo,
634 334 678 365 ut
695 329 741 365 de
759 327 818 365 Izis
837 327 959 372 rebus,
981 328 1027 364 de
1055 326 1192 376 quibus
1211 332 1332 362 tecum

139 383 245 432 loqui
261 382 355 428 volo,
376 395 525 419 annum
554 381 648 419 mihi
678 383 857 431 temporis
889 381 963 426 des,
985 394 1103 430 eoque
1135 385 1333 417 transacto

139 449 196 473 me
215 437 271 473 ad
290 443 323 472 te
342 437 470 472 venire
483 436 663 486 patiaris.

141 588 240 627 CAP.
262 589 316 625 X.
370 586 636 624 Themistocles
655 586 828 635 linquam
844 585 1036 623 Persicam
1052 585 1172 630 discit,
1189 584 1334 621 reditas

245 642 495 691 quarundam
520 640 674 678 urbiam
707 641 849 690 accipit
881 652 906 676 a
939 651 1049 687 πρε,-
1078 638 1157 688 ejas
1177 650 1278 674 mors
1298 643 1335 674 et

244 695 458 746 sepultura.

196 770 337 809 HUJUS
345 783 417 808 rex
430 770 548 807 animi
560 770 868 818 magnitudinem
882 768 1087 813 admirans,
1099 768 1334 816 cupiensque

139 825 255 862 talem
275 825 404 861 virum
437 825 510 861 sibi
541 823 749 868 conciliari,
770 822 923 860 veniam
953 821 1074 858 dedit.
1130 821 1203 858 Ille
1222 833 1335 858 omne

140 878 237 914 illud
273 884 425 927 tempus
461 877 599 922 literis,
647 876 893 924 sermonique
938 875 1146 912 Persarum
1194 874 1301 912 dedit
1320 887 1331 910 ι

141 932 282 980 quibus
301 932 396 968 adeo
425 930 601 968 eruditus
631 936 700 974 est,
721 936 764 966 ut
783 929 906 966 multo
925 929 1163 965 commodius
1183 928 1336 965 dicatur

141 985 243 1033 apud
273 997 403 1034 regem
438 985 557 1020 verba
588 983 736 1028 fecisse,
756 995 872 1030 quam
905 982 946 1018 hi
985 987 1162 1030 poterant
1192 981 1260 1029 qui
1293 981 1335 1017 in

140 1037 301 1075 Perside
320 1042 430 1074 erant
449 1037 545 1073 nati.
604 1034 681 1073 Hic
712 1048 832 1084 quum
852 1035 975 1072 multa
994 1035 1077 1084 regi
1098 1040 1200 1072 esset
1218 1035 1333 1083 polli-

141 1091 253 1136 citus,
272 1090 613 1138 gratissimumque
645 1088 751 1133 illud,
770 1089 804 1125 si
834 1089 913 1124 suis
939 1089 997 1124 uti
1026 1087 1193 1124 consiliis
1211 1087 1335 1133 vellet,

140 1143 249 1181 illam
275 1143 483 1180 Graeciam
503 1142 598 1179 bello
617 1154 891 1192 oppressurum
905 1157 918 1184 ,·
938 1142 1089 1191 magnis
1110 1142 1337 1179 muneribus

141 1199 189 1235 ab
211 1196 436 1234 Artaxerxe
455 1197 632 1240 donatam,
652 1196 693 1232 in
715 1193 851 1233 Asiam
870 1195 997 1240 rediit,
1019 1195 1336 1244 domiciliumque

142 1251 369 1300 Magnesiae
387 1250 462 1288 sibi
495 1249 710 1287 constituit.
768 1249 883 1285 Hanc
914 1249 1050 1285 urbem
1069 1249 1104 1285 ei
1123 1261 1195 1285 rex
1215 1248 1334 1285 dona-

141 1310 262 1349 verat,
283 1304 344 1341 his
375 1316 467 1341 usus
500 1303 642 1348 verbis,
664 1315 764 1351 quae
794 1302 829 1338 ei
855 1313 1002 1351 panem
1015 1300 1247 1351 praeberet;
1286 1315 1338 1339 ex

141 1356 219 1406 qua
233 1358 391 1406 regione
410 1356 692 1405 quinquaginta
706 1356 742 1393 ei
754 1355 900 1393 talenta
915 1355 1122 1403 quotannis
1137 1355 1333 1392 redibant:

140 1411 410 1459 Lampsacum,
430 1410 534 1446 unde
562 1410 695 1445 vinum
728 1415 918 1445 sumeret:
947 1406 1166 1458 Myuntem,
1188 1420 1231 1445 ex
1259 1407 1338 1457 qua

142 1463 337 1501 obsonium
356 1463 526 1500 haberet.
582 1461 710 1510 Hujus
741 1463 788 1500 ad
821 1467 992 1500 nostram
1012 1462 1235 1499 memoriam
1255 1475 1338 1499 mo-

142 1524 328 1555 numenta
363 1522 589 1554 manserunt
621 1517 697 1552 duo
714 1530 723 1552 z
764 1516 981 1565 sepulcrum
1001 1528 1120 1564 prope
1139 1516 1335 1565 oppidum,

143 1573 183 1608 in
203 1583 279 1620 quo
299 1575 357 1608 est
376 1570 579 1619 sepultus3
609 1574 758 1607 statuae
790 1569 832 1606 in
865 1569 948 1606 foro
977 1568 1220 1619 Magnesiae.
1275 1569 1337 1607 De

143 1624 253 1673 cujus
271 1629 394 1662 morte
413 1623 546 1661 multis
564 1623 688 1659 modis
707 1623 810 1672 apud
828 1622 1032 1671 plerosque
1053 1622 1238 1672 scriptum
1258 1628 1332 1666 est3

143 1679 211 1716 sed
246 1690 317 1715 nos
354 1678 518 1715 eundem
555 1677 796 1725 potissimum
842 1675 1103 1724 Thucydidem
1139 1682 1337 1714 auctorem

144 1732 360 1781 probamus,
389 1730 456 1780 qui
488 1727 600 1766 illam
633 1730 687 1767 ait
705 1728 936 1778 Maymsiae
964 1729 1095 1766 morbo
1115 1736 1308 1766 mortuum
1323 1745 1338 1773 ;

143 1797 269 1834 neque
287 1789 404 1834 negat
422 1783 551 1833 fuiss-e
568 1782 738 1832 famam,
759 1795 945 1820 venenam
965 1781 1037 1819 sua
1055 1789 1188 1833 sponte
1207 1796 1338 1832 samp-

143 1839 244 1884 sisse,
264 1851 383 1887 quum
402 1850 451 1882 se,
471 1849 573 1886 quae
591 1838 675 1885 regi
691 1837 737 1873 de
758 1834 929 1873 Graecia
948 1834 1203 1887 opprimenda
1215 1835 1338 1886 polli-

144 1893 241 1928 citus
261 1897 365 1936 esset,
377 1896 578 1940 praestare
592 1903 703 1941 posse
720 1890 953 1940 desperaret.
1009 1890 1131 1934 Idem,
1153 1902 1238 1926 ossa
1258 1890 1340 1940 ejus

146 1944 244 1982 clam
262 1946 304 1981 in
322 1942 456 1982 Attica
475 1943 525 1981 ab
558 1945 691 1981 amicis
709 1956 784 1980 esse
802 1943 951 1993 sepulta
958 1970 969 1989 ,
988 1944 1173 1992 quoniam
1194 1943 1340 1992 leyibus

146 2011 223 2035 non
238 1996 518 2044 concederetur,
537 1998 643 2047 quod
649 1998 882 2048 proditionis
901 2003 994 2034 esset
1010 1997 1236 2043 damnatus,
1259 2010 1339 2035 me-

147 2051 290 2090 moriae
307 2052 488 2102 prodidit.
