1496 2671
270 121 320 159 32
623 121 788 158 LIBER
818 121 1086 167 QUARTUS.

271 229 414 269 steriles
432 229 564 266 herbas
584 228 724 278 eligens
741 228 1023 279 Abdalonymus
1040 228 1273 278 repurgabat.
1328 227 1434 266 Tunc

271 297 352 336 τερα
370 295 415 321 eo
442 282 614 328 salutato,
638 282 731 320 alter
758 295 804 319 ex
830 281 887 319 his
908 296 916 321 z
948 282 1162 329 ‘Habitus’
1188 281 1320 331 inquit,
1351 281 1435 320 ‘hic

272 350 380 387 quem
399 336 518 373 cernis
535 335 575 372 in
595 336 684 373 meis
703 336 872 373 manibus
891 348 975 373 curn
993 336 1066 374 isto
1092 335 1260 385 squalore
1285 347 1434 386 permu-

270 392 407 430 tandus
426 390 494 427 tibi
513 397 569 428 est
589 403 597 427 :
627 390 734 427 ablue
753 402 883 439 corpus
909 389 1036 427 illuvie
1062 389 1292 438 aeternisque
1317 388 1435 427 sordi-

270 446 339 482 bus
359 444 560 492 squalidum
578 457 585 481 ε
607 456 696 493 cape
714 443 811 492 regis
830 443 1006 490 animum,
1023 447 1061 481 et
1079 443 1118 480 in
1136 455 1217 481 eam
1235 443 1435 488 fortunam,

273 511 343 547 qua
371 499 506 546 dignus
533 510 582 543 es,
611 497 719 535 istam
748 497 1013 535 continentiam
1042 497 1192 545 profer3
1222 502 1261 535 et
1287 509 1370 534 cum
1396 496 1434 534 in

273 552 389 602 regali
428 551 520 589 solio
559 551 748 595 residebis,
788 550 885 587 vitae
911 550 1082 598 necisque
1108 550 1274 588 omnium
1301 549 1434 588 civium

274 606 458 651 dominus,
487 618 574 642 cave
603 603 829 641 obliviscaris
854 603 963 652 hujus
991 603 1120 650 statas,
1139 604 1180 640 in
1206 616 1276 652 quo
1304 603 1439 652 accipis

274 671 455 710 regnum:
485 659 599 695 immo
613 657 771 702 hercule,
788 662 940 706 propter
953 656 1085 705 quem.’
1140 657 1292 695 Somnio
1311 656 1439 694 similis

274 728 333 752 res
368 713 632 761 Abdalonymo
667 711 873 748 videbatur.
948 710 1151 756 Interdum,
1189 712 1325 749 satisne
1359 710 1440 748 sani

274 773 407 812 essent,
429 767 489 815 qui
516 774 593 803 tam
621 770 790 814 proterve
818 763 888 801 sibi
913 763 1121 810 illuderent,
1142 765 1440 814 percontabatur.

277 822 352 861 Sed
371 826 412 858 ut
439 820 630 857 cunctanti
658 818 805 866 squalor
832 817 980 855 ablutus
1007 822 1074 864 est,
1103 824 1141 856 et
1166 817 1303 867 injecta
1328 818 1440 855 vestis

276 887 438 926 purpura
457 885 618 921 auroque
637 872 823 915 distincta,
854 876 891 908 et
917 871 1008 909 fides
1035 884 1057 909 a
1078 871 1291 921 jurantibus
1316 871 1438 914 faeta;

277 930 371 966 serio
386 928 463 976 jain
484 940 561 970 rex,
583 926 713 963 iisdem
733 924 1005 970 comitantibus,
1025 925 1066 961 in
1092 925 1234 973 regiam
1260 925 1441 975 pervenit.

279 982 404 1026 Fama,
436 987 476 1018 ut
504 981 608 1022 solet,
639 984 788 1017 strenue
815 985 894 1015 tota
920 979 1011 1016 urbe
1047 978 1248 1017 discurrit:
1286 977 1442 1016 aliorum

279 1037 453 1080 studium,
469 1035 624 1071 alioruin
642 1033 845 1080 indignatio
865 1032 1061 1070 eminebat.
1117 1032 1332 1070 Ditissimus
1347 1032 1444 1081 quis-

278 1103 347 1139 que
375 1089 620 1126 humilitatem
648 1087 882 1136 inopiamque
918 1086 996 1135 ejus
1031 1086 1130 1136 apud
1162 1086 1298 1124 amicos
1327 1084 1442 1123 Alex-

278 1144 386 1181 andri
413 1142 687 1180 criminabatur.
744 1140 907 1177 Admitti
934 1152 1018 1177 eum
1045 1153 1111 1176 rex
1129 1140 1298 1189 protinus
1318 1138 1440 1189 jussit,

278 1199 414 1246 diuque
433 1195 714 1244 contemplatus,
738 1198 746 1214 ‘
764 1192 962 1242 Corporis,’
982 1193 1112 1241 inquit,
1135 1197 1145 1213 ‘
1159 1193 1307 1231 habitus
1325 1192 1443 1230 famae

278 1251 424 1300 generis
442 1263 518 1287 non
538 1253 722 1298 repugnat
738 1261 745 1284 ;
777 1247 841 1284 sed
860 1247 952 1284 libet
971 1247 1073 1292 scire,
1102 1247 1264 1296 inopiam
1283 1258 1354 1295 qua
1380 1258 1443 1296 pa-

280 1306 411 1344 tientia
439 1302 592 1342 tuleris?
660 1301 757 1338 Tum
785 1300 856 1346 ille,
889 1304 897 1320 ‘
916 1299 1094 1346 Utinam,'
1121 1300 1251 1349 inquit,
1283 1300 1443 1337 ‘eodem

281 1360 404 1397 animo
422 1369 577 1406 regnum
598 1356 675 1405 pati
694 1356 842 1404 possim.
899 1353 984 1391 Hae
1006 1366 1134 1391 manus
1156 1354 1332 1391 suffecere
1350 1353 1447 1390 desi-

280 1414 382 1450 derio
411 1424 521 1448 meo:
552 1410 644 1446 nihil
671 1408 795 1446 aventi
823 1407 915 1444 nihil
940 1406 1083 1445 defuit?
1138 1408 1299 1456 Magnae
1313 1406 1449 1444 indolis

280 1467 465 1516 specimen
494 1477 539 1500 ex
567 1463 636 1500 hoc
669 1474 837 1499 sermone
865 1460 1117 1511 Abdalonymi
1153 1461 1261 1510 cepit.
1318 1460 1447 1508 Itaque

281 1533 358 1558 non
377 1518 561 1557 Stratonis
582 1517 692 1553 modo
712 1516 850 1564 regiam
869 1514 1132 1563 supellectilem
1151 1514 1305 1552 attribui
1319 1513 1351 1552 ei
1361 1513 1442 1563 jus-

282 1576 340 1619 sit,
370 1573 436 1611 sed
471 1572 643 1621 pleraque
680 1570 790 1607 ctiam
821 1581 867 1605 ex
896 1568 1043 1605 Persica
1069 1568 1233 1617 praeda:
1263 1568 1447 1616 regionem

281 1640 423 1678 quoque
442 1625 525 1662 urbi
543 1624 746 1674 appositam
767 1623 900 1660 ditioni
918 1622 995 1671 ejus
1013 1622 1159 1671 adjecit.

334 1682 381 1719 V.
411 1681 558 1717 Interea
581 1681 778 1727 Amyntas,
809 1687 914 1723 quem
931 1676 979 1712 ad
996 1675 1125 1712 Persas
1153 1676 1200 1713 ab
1228 1675 1446 1714 Alexandro

284 1734 523 1783 transfugisse
551 1731 723 1775 diximus,
752 1742 833 1767 cum
862 1734 1018 1777 quatuor
1038 1729 1197 1766 millibus
1219 1728 1444 1767 Graecorum

283 1790 403 1840 ipsum
418 1800 465 1825 ex
483 1786 560 1823 acie
588 1784 800 1834 persecutis,
820 1783 909 1831 suga
928 1782 1095 1832 Tripolin
1123 1783 1304 1832 pervenit.
1359 1782 1451 1820 Inde

282 1845 322 1880 in
337 1855 448 1879 naves
466 1839 643 1878 militibus
654 1837 844 1887 impositis,
868 1835 1035 1885 Cyprum
1054 1837 1281 1874 transmisit:
1304 1842 1341 1875 et
1360 1849 1444 1874 cum

283 1898 321 1934 in
340 1897 404 1933 illo
423 1900 523 1933 statu
542 1905 665 1930 rerum
683 1892 722 1928 id
740 1902 921 1940 quemque
940 1890 1040 1939 quod
1059 1895 1274 1939 occupasset
1299 1890 1447 1928 habitu-

282 1964 365 1990 rum
384 1949 636 1992 arbitraretur,
660 1946 759 1983 volut
778 1949 878 1982 certo
889 1944 975 1993 jure
993 1956 1209 1993 possessum,
1229 1943 1449 1994 Aegyptum

285 2010 410 2055 petere
429 2001 603 2046 decrevit,
625 2000 771 2047 utrique
799 1998 877 2047 regi
904 1997 1031 2042 hostis,
1052 2002 1089 2035 et
1107 2010 1249 2047 semper
1275 2010 1322 2035 ex
1347 1998 1448 2035 anci-

284 2058 354 2108 piti
380 2056 586 2094 mutatione
604 2059 809 2102 temporum
839 2051 1023 2102 pendens:
1051 2051 1296 2101 hortatusque
1314 2051 1449 2089 milites

288 2112 336 2148 ad
354 2124 456 2160 spem
473 2113 600 2147 tantae
627 2108 692 2153 rei,
713 2107 823 2143 docet
851 2105 1026 2142 Sabacem
1046 2110 1253 2154 praetorem
1281 2105 1448 2155 Aegypti

284 2165 457 2202 cecidisse
493 2163 532 2199 in
560 2162 664 2198 acie:
693 2159 886 2197 Persarum
922 2159 1145 2208 praesidium
1182 2164 1220 2198 et
1246 2159 1326 2197 sine
1352 2159 1446 2196 duce

288 2231 366 2256 esse
381 2222 418 2255 et
435 2215 660 2254 invalidum:
682 2213 890 2263 Aegyptios
908 2225 1051 2261 semper
1068 2213 1300 2262 praetoribus
1318 2224 1444 2250 eorum

288 2272 461 2317 infensos,
480 2282 547 2320 pro
567 2268 672 2306 sociis
690 2268 800 2317 ipSOS,
821 2278 897 2304 non
910 2278 977 2315 pro
995 2266 1163 2304 hostibus
1180 2267 1446 2305 aestimaturos.

292 2325 428 2364 Omnia
445 2322 604 2373 experiri
622 2321 818 2359 necessitas
832 2320 1005 2368 cogebat:
1035 2320 1182 2371 quippe,
1203 2333 1286 2358 cum
1311 2318 1451 2369 primas

290 2393 371 2432 spes
389 2379 540 2419 fortuna
555 2375 737 2424 destituit,
755 2374 880 2414 futura
906 2374 1161 2425 praesentibus
1179 2374 1354 2413 videntur
1365 2384 1449 2422 ,esse
