1496 2671
556 207 866 247 HAMiLCAR.
1259 210 1308 246 39

120 330 237 368 quum
257 318 380 355 deleta
400 322 467 354 est.
526 316 658 353 Primo
678 316 904 353 mercenarii
925 316 1075 362 milites,
1092 316 1157 366 qui
1171 317 1308 353 adver-

120 385 184 410 sus
215 373 407 408 Romanos
439 370 603 415 fuerant,
637 370 893 414 desciverunt,
925 382 1088 418 quorum
1126 382 1310 406 numerus

119 432 201 463 erat
221 425 360 474 viginti
383 424 556 460 millium.
616 424 670 459 Hi
690 429 809 460 totam
830 421 1098 460 abalienarunt
1120 423 1307 467 Africam,

119 480 240 528 ipsam
263 478 537 526 Carthaginem
557 475 843 526 oppugnarunt.
903 475 1055 522 Quibus
1083 477 1192 514 malis
1215 477 1309 514 adeo

90 559 93 562 -
121 539 210 569 sunt
248 532 368 570 Poeni
407 531 615 580 perterriti,
654 537 695 567 ut
734 530 881 568 auxilia
917 530 1031 567 etiam
1066 544 1087 567 a
1125 531 1310 568 Romanis

120 586 342 636 petiverint,
365 598 484 633 eaque
512 584 817 633 impetraverint.
879 583 955 621 Sed
985 589 1170 629 extremo,
1192 596 1312 633 quum

121 652 240 688 prope
253 639 336 687 jam
356 639 402 676 ad
423 638 727 688 desperationem
748 638 1025 686 pervenissent,
1050 637 1310 674 Hamilcarem

122 694 393 741 imperatorem
422 692 606 729 fecerunt.
664 692 704 728 Is
733 704 808 728 non
838 691 960 731 solum
987 691 1116 728 hostes
1141 704 1162 727 a
1191 691 1313 727 muris

124 747 371 795 Carthaginis
390 745 563 790 removit,
586 758 704 794 quum
725 745 889 793 amplius
909 751 1060 781 centum
1077 745 1197 781 millia
1211 745 1313 781 facta

122 807 248 837 essent
277 806 521 844 armatorum,
548 800 613 836 sed
641 799 756 836 etiam
781 811 825 835 eo
849 796 1044 847 compulit,
1071 804 1114 834 ut
1143 798 1312 835 locorum

123 853 312 903 angustiis
344 852 474 897 clausi,
514 852 643 901 plures
680 852 779 889 fame
817 865 931 900 quam
966 851 1068 889 ferro
1097 851 1314 888 interirent.

126 907 267 946 Omnia
287 907 427 956 oppida
445 906 670 950 abalienata,
694 906 734 942 in
754 906 814 942 his
835 906 994 943 Uticam
1018 911 1133 954 atque
1162 905 1315 954 Hippo·-

124 974 223 1004 nem,
262 961 525 998 valentissima
561 960 682 996 totius
728 959 899 1003 Africae,
938 960 1108 996 restituit
1154 959 1314 1008 patriae.

124 1015 263 1063 Neque
282 1027 326 1051 eo
346 1013 421 1051 fuit
440 1020 656 1057 contentus,
672 1014 735 1050 sed
756 1013 871 1049 etiam
890 1013 986 1049 fines
1005 1013 1156 1061 imperii
1176 1025 1314 1061 propa-

124 1069 244 1117 gavit.
303 1065 403 1104 Tota
432 1063 571 1104 Africa
591 1072 743 1103 tantuin
762 1067 882 1103 otium
903 1067 1082 1111 reddidit,
1104 1073 1147 1103 ut
1167 1065 1316 1103 nullum

124 1122 162 1157 in
185 1119 230 1159 eft
249 1121 390 1158 bellum
410 1120 608 1157 videretur
627 1120 758 1156 multis
777 1119 888 1156 annis
907 1118 1036 1157 fuisse.

127 1260 229 1299 CAP.
250 1260 329 1296 ΙΙΙ.
390 1258 604 1303 Hamilcar,
626 1259 666 1294 in
688 1258 924 1307 Hispaniam
943 1258 1084 1303 missus,
1105 1257 1316 1294 Hanniba—

178 1314 247 1350 lem
271 1313 407 1363 filium
435 1324 558 1348 secum
586 1313 706 1356 duxit,
728 1318 763 1347 et
781 1311 1079 1357 Hasdrubalem,
1101 1313 1163 1348 cui
1184 1310 1318 1360 filiam

180 1367 390 1417 despondit.

182 1444 323 1480 REBUS
346 1442 406 1479 his
427 1454 475 1479 ex
496 1439 686 1479 sententia
705 1441 883 1490 peractis,
902 1440 1036 1477 fidenti
1057 1440 1183 1477 animo
1204 1447 1319 1489 atque

129 1497 270 1534 infesto
291 1496 485 1541 Romanis,
503 1508 578 1543 quo
592 1495 744 1532 facilius
763 1507 915 1532 causam
936 1494 1102 1531 bellandi
1119 1494 1317 1542 reperiret,

129 1550 265 1595 effecit,
288 1556 331 1586 ut
361 1550 568 1598 imperator
597 1561 684 1585 cum
708 1548 881 1584 exercitu
908 1549 948 1584 in
980 1548 1207 1597 Hispaniam
1229 1547 1318 1584 mit-

129 1610 287 1648 teretur,
308 1616 427 1651 eoque
457 1615 584 1639 secum
619 1602 731 1638 duxit
759 1602 881 1638 filium
910 1601 1180 1646 Hannibalem,
1203 1614 1320 1637 anno-

130 1670 214 1694 rum
235 1669 384 1694 novem.
442 1656 537 1692 Erat
567 1662 764 1704 praeterea
792 1668 878 1692 cum
908 1667 952 1692 eo
971 1655 1192 1692 adolescens
1211 1655 1319 1692 illus-

130 1712 200 1748 tris
221 1717 257 1748 et
277 1711 476 1754 formosus,
501 1708 744 1752 Hasdrubal3
773 1721 886 1757 quem
913 1709 1088 1745 nonnulli
1108 1708 1218 1757 diligi
1238 1716 1323 1745 tur-

129 1765 228 1814 pius,
249 1776 362 1812 quam
384 1776 453 1812 par
472 1769 565 1808 erat,
584 1763 630 1799 ab
653 1762 885 1807 Hamilcare,
902 1762 1171 1811 loquebantur.
1229 1763 1319 1799 Non

129 1819 233 1855 enim
254 1817 428 1855 maledici
447 1822 555 1853 tanto
576 1816 659 1852 viro
679 1816 808 1852 deesse
828 1822 1016 1864 poterant.
1076 1815 1161 1862 Quo
1177 1817 1321 1854 factum

131 1878 199 1917 est,
225 1877 264 1908 ut
283 1885 304 1908 a
324 1870 517 1920 praefecto
536 1882 685 1907 morum
706 1869 927 1906 Hasdrubal
947 1882 1032 1906 eum
1054 1882 1098 1907 eo
1125 1876 1321 1908 vetaretur

132 1937 227 1962 esse.
285 1924 390 1961 Huic.
420 1924 484 1961 ille
516 1924 635 1960 filiam
666 1935 773 1959 suam
806 1923 847 1959 in
878 1923 1164 1960 matrimonium
1203 1924 1320 1969 dedit,

132 1979 234 2027 quod
253 1979 423 2015 moribus
443 1990 575 2015 eorum
594 1989 670 2013 non
691 1982 839 2025 poterat
852 1977 1029 2013 interdici
1043 1989 1173 2015 socero
1189 1990 1322 2026 gener.

133 2032 194 2069 De
231 2033 303 2069 hoc
339 2032 426 2069 ideo
464 2030 695 2067 mentionem
734 2030 905 2075 fecimus,
945 2031 1058 2079 quod,
1101 2031 1322 2068 Hamilcare

134 2085 268 2130 occiso,
289 2085 353 2123 ille
374 2084 562 2122 exercitui
582 2083 760 2133 praefuit,
781 2096 919 2132 resque
939 2096 1097 2133 magnas
1116 2085 1235 2133 gessit
1254 2099 1263 2127 3
1284 2089 1323 2120 et

134 2138 312 2187 princeps
330 2138 534 2187 largitione
554 2143 727 2174 vetustos
749 2137 935 2186 pervertit
948 2150 1071 2174 mores
1088 2137 1321 2187 Carthagin-

135 2191 317 2235 iensium3
336 2191 582 2240 ejusdemque
601 2197 687 2239 post
706 2196 868 2228 mortem
898 2190 1097 2228 Hannibal
1130 2193 1178 2229 ab
1211 2204 1321 2229 exer-

135 2245 215 2282 citu
253 2246 400 2293 accepit
445 2245 663 2294 imperium.
720 2244 778 2281 At
826 2244 1036 2290 Hamilcar,
1074 2251 1323 2295 posteaquam

135 2311 240 2336 mare
277 2298 442 2342 transiit,
481 2298 522 2334 in
561 2298 867 2347 Hispaniamque
904 2298 1023 2339 venit,
1062 2311 1221 2348 magnas
1262 2310 1324 2334 res

136 2349 304 2389 secunda
340 2351 460 2400 gessit
495 2350 672 2388 fortuna:
710 2352 899 2389 maximas
936 2351 1324 2399 bellicosissimasque

136 2411 270 2454 gentes
309 2404 460 2452 subegit
477 2418 487 2448 3
524 2405 643 2452 equis,
682 2405 811 2451 armis,
848 2405 956 2447 viris,
995 2404 1168 2454 pecunia,
1203 2411 1324 2442 totam

135 2458 386 2509 locupletavit
406 2458 592 2496 Africam.
651 2458 728 2496 Hic
757 2471 844 2496 cum
868 2458 908 2495 in
928 2458 1082 2496 Italiam
1100 2459 1244 2497 bellum
1263 2457 1323 2495 in-
