1496 2671
260 164 313 202 60
560 164 753 209 QUINTI
782 165 970 203 CURTII
1000 164 1131 204 RUFI

260 273 289 309 si
310 284 496 321 accepero,
512 272 689 310 victorem
717 286 798 310 eum
819 273 972 312 faciunt.
1031 274 1138 320 Quae
1157 279 1241 323 post
1260 272 1428 323 Euphra·

260 337 323 363 ten
361 331 460 370 sunt,
489 325 692 364 liberaliter
720 327 859 364 donat:
890 328 954 365 ubi
982 328 1098 376 igitur
1130 340 1190 364 me
1225 326 1425 365 affamini?

259 392 392 428 nempe
428 379 528 417 ultra
546 379 784 429 ‚Euphraten
820 394 912 418 sum.
983 383 1177 418 Summum
1205 393 1302 429 ergo>
1329 381 1428 418 dotis

258 446 367 481 quam
389 433 575 481 promittit
589 435 790 471 terminum
809 440 931 471 castra
949 447 1030 471 mea
1049 441 1258 472 transeunt.
1324 433 1427 472 Hinc

259 499 317 523 me
335 486 521 535 depellite,
551 496 593 525 ut
612 488 722 524 sciam
745 496 908 525 vestrum
929 501 1018 534 esse,
1039 488 1140 537 quod
1157 488 1300 526 ceditis.
1353 487 1427 525 Ea·

256 540 340 577 «lem
378 540 599 578 liberalitate
627 541 692 579 dat
720 541 809 578 mihi
836 541 948 578 filiam
982 554 1111 586 suam3
1139 554 1274 591 nempe
1310 554 1421 591 quam

255 594 331 631 scio
357 593 467 631 alicui
493 606 682 632 servorum
712 608 864 632 suorum
891 601 1121 644 nupturam:
1152 595 1309 634 multum
1339 608 1426 633 vero

255 648 346 685 mihi
363 653 539 697 praestat,
556 649 586 686 si
614 661 673 686 me
692 648 845 685 Mazaeo
866 661 1047 697 generum
1067 649 1263 698 praeponit
1277 649 1296 686 Ρ
1351 649 1421 694 Ite,

255 702 431 740 nunciate
458 702 538 750 regi
575 710 711 746 vestro,
742 708 779 739 et
818 714 914 751 quae
940 702 1074 747 amisit,
1114 708 1152 740 et
1179 715 1276 751 quae
1302 702 1424 740 adhuc

254 756 377 801 habet,
416 756 581 805 praemia
599 768 677 793 esse
698 755 784 792 belli
804 769 812 792 ε
842 756 914 792 hoc
942 761 1098 804 regente
1125 756 1321 805 utriusque
1340 765 1422 802 ter-

256 810 373 847 minos
405 809 525 858 regni,
563 809 603 845 id
640 821 826 858 quemque
855 809 1072 847 habiturum
1109 810 1211 858 quod
1236 810 1424 860 proximae

253 864 343 901 lucis
381 863 613 911 assignatura
649 863 800 900 fortuna
836 869 906 900 est.
963 862 1036 914 [Et
1057 863 1171 900 mein
1197 864 1325 901 Asiam
1346 876 1422 901 non

253 918 409 962 venisse,
431 925 472 953 ut
501 917 548 953 ab
568 916 648 953 aliis
675 917 892 966 acciperem,
921 918 986 953 sed
1005 924 1049 954 ut
1075 917 1157 954 aliis
1184 917 1328 954 darem.
1382 918 1420 956 Si

252 971 445 1012 secundus,
467 970 496 1006 si
516 983 593 1007 non
612 982 678 1019 par
699 971 788 1006 mihi
806 971 918 1008 vellet
937 969 1074 1016 haberi,
1090 971 1246 1007 facerem
1267 970 1423 1010 forsitan

255 1037 347 1073 quae
366 1024 472 1074 petit,
494 1029 656 1061 ceterum
679 1037 747 1061 nec
776 1025 937 1061 mundus
965 1023 1110 1061 duobus
1137 1023 1274 1061 solibus
1302 1032 1424 1074 potest

251 1079 342 1127 regi,
363 1090 432 1115 nec
451 1078 525 1115 duo
545 1090 689 1114 summa
717 1091 834 1126 regna
852 1078 953 1115 salvo
973 1084 1071 1116 statu
1099 1083 1284 1115 tenarum
1302 1083 1423 1127 potest

250 1133 400 1170 habere.
457 1131 620 1169 Proinde
649 1139 712 1169 aut
739 1132 967 1169 deditionem
996 1132 1119 1176 hodie,
1149 1137 1214 1169 aut
1231 1132 1270 1168 in
1289 1134 1417 1170 crasti-

250 1199 337 1224 num
358 1186 495 1231 bellum
525 1192 653 1235 paret:
684 1198 753 1223 nec
781 1186 888 1223 aliam
911 1185 990 1229 sibi,
1019 1198 1127 1233 quam
1156 1191 1333 1235 expertus
1350 1194 1418 1227 est,

250 1240 466 1290 polliceatur
485 1239 718 1290 stu-tunamss]
774 1240 910 1288 Legati
929 1239 1156 1287 respondent
1175 1252 1184 1283 ;
1214 1251 1326 1288 quum
1343 1240 1421 1277 bel-

248 1296 323 1332 lum
344 1295 384 1330 in
403 1294 526 1331 animo
545 1294 604 1338 sit,
626 1293 745 1330 facere
764 1305 846 1329 eum
868 1292 1096 1341 simpliciter,
1119 1292 1220 1340 quod
1237 1305 1303 1342 spe
1322 1294 1419 1341 paci.-

250 1362 325 1385 non
343 1348 603 1385 frustraretur:
634 1347 733 1396 ipsos
761 1354 897 1395 petere,
928 1346 1199 1394 quamprimum
1230 1346 1422 1385 dimittan-

249 1413 310 1440 tur
328 1402 376 1439 ad
394 1413 518 1449 regem
536 1414 544 1437 :
576 1413 659 1437 eum
678 1412 822 1448 quoque
841 1401 977 1437 bellum
999 1412 1128 1449 parare
1147 1401 1296 1437 debere.
1352 1401 1422 1438 Di-

249 1456 349 1493 missi
369 1455 548 1491 nunciant
567 1455 694 1491 adesse
713 1460 916 1491 certamen.

303 1508 445 1546 XLVI.
485 1508 546 1544 12.
589 1508 654 1544 Ille
690 1508 838 1555 quidem
876 1507 1068 1544 confestim
1109 1507 1300 1545 Mazaeum
1339 1520 1421 1545 cum

249 1564 368 1602 tribus
389 1563 550 1598 millibus
569 1562 732 1610 equitum
754 1562 802 1598 ad
821 1562 966 1606 itinera,
987 1573 1080 1609 quae
1097 1561 1214 1599 hostis
1239 1561 1422 1610 petiturus

249 1624 340 1663 erat,
370 1616 586 1666 occupanda
612 1616 816 1665 praemisit.
872 1615 1101 1659 Alexander,
1122 1615 1269 1664 corpori
1297 1616 1422 1659 uxoris

250 1672 327 1721 ejus
350 1671 462 1720 justis
489 1670 698 1718 persolutis,
727 1670 905 1717 omnique
923 1668 1093 1717 graviore
1112 1669 1291 1707 comitatu
1317 1669 1417 1708 intra

249 1726 379 1763 eadem
410 1724 640 1761 munimenta
676 1735 759 1760 cum
800 1723 945 1760 modico
982 1722 1166 1771 praesidio
1200 1723 1342 1769 relicto,
1371 1725 1418 1761 ad

252 1781 395 1817 hostem
412 1778 619 1816 contendit.
676 1777 720 1814 In
740 1777 815 1813 duo
835 1789 974 1813 cornua
991 1775 1168 1814 diviserat
1186 1777 1361 1826 peditem,
1381 1778 1420 1814 in

253 1840 452 1881 utrumque
497 1832 594 1869 latus
628 1831 752 1880 equite
788 1830 1040 1867 circumdato:
1069 1830 1336 1879 impedimenta
1363 1844 1419 1873 se,-

250 1888 461 1936 quebantur
480 1898 628 1934 agmen.
686 1884 930 1921 Praemissum
961 1883 1096 1920 deinde
1128 1884 1285 1922 concitis
1312 1886 1416 1933 equis

254 1941 433 1978 Menidan
455 1939 565 1987 jubet
602 1939 804 1988 explorare,
836 1939 897 1975 ubi
935 1937 1072 1974 Darius
1100 1943 1209 1975 esset.
1265 1939 1318 1976 At
1345 1939 1418 1983 ille,

254 2007 366 2042 quum
388 1994 559 2031 Mazaeus
578 1993 679 2029 haud.
698 1992 827 2042 procul
846 1991 1084 2035 consedisset,
1103 2004 1181 2036 non
1200 2004 1308 2029 ausus
1323 1993 1419 2032 ultra

253 2049 464 2096 procedere,
485 2047 578 2084 nihil
606 2047 707 2084 aliud
725 2059 833 2094 quam
861 2045 1048 2082 fremitum
1078 2046 1269 2082 hominum
1297 2046 1420 2084 hinni·

254 2114 404 2150 tumque
423 2113 598 2149 equorum
619 2101 812 2138 exaudisse
829 2099 991 2137 nunciat.
1061 2099 1233 2137 Mazaeus
1261 2112 1417 2150 quoque,

255 2155 460 2205 conspectis
497 2155 625 2204 procul
662 2153 967 2204 exploratoribus,
996 2154 1036 2191 in
1062 2159 1183 2191 castra
1209 2166 1248 2191 se
1275 2156 1420 2204 recipit,

253 2209 436 2249 adventas
463 2209 623 2246 hostium
653 2208 820 2244 nuncius.
879 2207 998 2255 Igitur
1017 2207 1166 2253 Darius,
1197 2208 1258 2256 qui
1287 2208 1325 2244 in
1352 2221 1416 2258 pa-

254 2263 419 2302 tentibus
456 2263 595 2312 eampis
643 2262 842 2298 decernere
877 2262 1042 2310 optabat,
1079 2262 1215 2298 armari
1260 2262 1414 2300 militem

247 2319 366 2367 jubet,
406 2316 594 2364 aciemque
626 2315 801 2364 disponit.
859 2314 903 2352 In
933 2316 1038 2353 laevo
1074 2327 1188 2352 cornu
1226 2315 1413 2356 Bactriani

252 2373 356 2409 ibant
388 2369 674 2418 equites,*mille
705 2368 936 2413 admodum3
976 2369 1108 2406 Dahae
1152 2369 1338 2406 totidem:
1377 2379 1412 2407 et

252 2425 443 2463 Arachosii
473 2424 640 2471 Sus-iique
678 2428 836 2471 quatuor
876 2423 989 2460 millia
1037 2423 1248 2472 explebant.
1330 2423 1413 2461 Hos
