1496 2671
208 93 254 129 10
467 104 575 130 caro
605 104 743 131 MAJOR
771 104 825 130 nn
854 105 1111 133 sannorum.

203 200 300 237 imus
318 200 338 238 ἰ)
367 198 453 236 nihil
483 199 621 238 Lucius
657 200 817 247 Paullus,
853 210 954 252 pater
987 207 1084 247 tuus,
1119 201 1258 251 Scipio,
1284 214 1389 240 socer

205 255 329 302 optimi
347 254 426 300 viri,
446 253 509 290 filii
530 256 600 292 mei
616 255 638 293 Ῥ
692 254 814 292 Ceteri
842 268 959 302 senes,
989 254 1157 302 Fabricii,
1179 256 1291 302 Curii,
1313 257 1387 294 Co-

204 307 383 353 runcanii,
404 320 519 356 quum
531 309 797 357 rempublicam
812 310 963 347 consilio
981 315 1018 345 et
1031 310 1244 347 auctoritate
1257 309 1382 347 defen-

204 360 351 408 debant,
379 361 467 397 nihil
486 362 672 410 agebant?
731 362 789 401 16.
821 363 883 400 Ad
903 362 1018 412 Appii
1048 363 1192 401 Claudii
1220 371 1389 401 senectu-

202 420 277 451 tem
314 414 515 452 accedebat
549 417 673 463 etiam,
702 424 740 452 ut
759 429 881 454 caecus
907 421 1020 453 esset:
1051 425 1173 454 tamen
1203 418 1244 463 is,
1273 412 1390 466 quum

203 469 380 505 sententia
402 468 557 506 Senatus
572 470 760 506 inclinaret
771 469 817 506 ad
837 482 969 520 paoem
989 476 1025 507 et
1043 470 1159 508 soedus
1177 470 1388 508 faciendum

205 535 288 559 cum
313 521 466 571 Pyrrho,
488 535 560 559 non
580 523 757 560 dubitavit
785 523 906 561 dicere
926 524 1000 570 illa,
1020 537 1102 572 quae
1119 525 1284 562 versibus
1303 537 1386 575 per-

205 582 353 613 secutus
372 584 426 613 est
445 575 610 615 Ennius:

375 643 447 679 Quo
463 643 549 674 vohis
564 648 694 683 mentes,
709 648 801 675 rectae
817 653 886 683 quae
901 646 982 675 stare
997 643 1140 676 solebant

373 687 525 725 Antehac,
540 687 698 718 dementes
714 697 784 717 sese
799 687 936 717 flexere't

206 746 399 791 ceteraque
418 742 649 790 gravissime:
682 749 809 779 notum
837 742 937 779 enim
957 742 1060 779 vobis
1079 754 1227 779 carmen
1247 750 1301 780 est
1320 756 1329 780 :
1357 750 1393 780 et

203 801 327 831 tamen
365 796 477 845 ipsius
509 796 622 845 Appii
655 802 753 832 extat
790 796 914 834 oratio.
971 795 1096 844 Atque
1126 795 1205 833 haec
1237 796 1295 833 ille
1322 799 1393 845 egit

206 854 348 897 septem
368 856 403 886 et
423 848 552 886 decem
574 851 679 886 annis
707 857 788 898 post
815 849 968 886 alterurn
991 849 1248 895 Consulatum,
1277 863 1392 899 quum

206 903 296 938 inter
325 901 414 939 duos
444 903 664 940 Consulatus
693 903 780 939 anni
808 902 939 940 decem
967 903 1265 950 interfluxissent,
1295 903 1395 942 Cen-

205 967 335 1005 sor-que
356 964 439 992 ante
461 956 703 994 Consulatum
732 958 954 1006 superiorem
985 956 1134 994 fuisset:
1161 969 1212 994 ex
1239 970 1310 1007 quo
1336 958 1394 994 in-

206 1009 380 1058 telligitur,
421 1010 547 1060 Pyrrhi
583 1012 674 1048 bello
706 1010 879 1059 grandem
917 1023 1006 1047 sane
1038 1009 1181 1050 fuisse:
1208 1018 1395 1049 ettamen

206 1064 257 1099 sic
288 1076 309 1099 a
328 1064 488 1113 panibus
517 1066 744 1114 accepimus.
805 1065 864 1103 17.
895 1064 995 1101 Nihil
1014 1065 1118 1112 igitur
1145 1065 1311 1111 afferunt,
1332 1067 1394 1115 qui

204 1117 242 1152 in
262 1128 299 1153 re
319 1118 476 1165 gerenda
495 1120 628 1155 versari
649 1125 876 1156 senectutem
896 1124 1054 1166 negant3
1074 1119 1282 1168 similesque
1295 1126 1393 1165 sunt,

210 1177 246 1206 ut
265 1171 293 1207 si
313 1172 373 1220 qui
404 1170 681 1220 gubernatorem
712 1173 748 1208 in
779 1172 984 1221 navigando
1012 1184 1115 1220 agere
1145 1173 1232 1208 nihil
1261 1173 1396 1219 dicant,

207 1237 321 1273 quum
341 1225 399 1262 alii
423 1226 537 1263 malos
556 1225 746 1270 scandant,
767 1226 824 1262 alii
845 1239 909 1275 per
936 1226 1030 1262 soros
1049 1232 1205 1271 cursent,
1233 1226 1292 1262 alii
1311 1238 1395 1263 sen-

208 1280 321 1315 tinam
341 1277 588 1317 exhauriant:
617 1280 673 1316 ille
702 1287 837 1325 autem,
860 1284 1009 1316 clavum
1038 1285 1178 1325 tenens,
1208 1278 1333 1316 sedeat
1354 1280 1391 1316 in

206 1333 320 1381 puppi
340 1333 497 1380 quietus.
557 1333 637 1370 Non
668 1331 821 1384 saci[a]t
849 1345 907 1377 ea,
929 1345 1009 1381 quae
1032 1332 1219 1380 juvenes:
1247 1339 1283 1369 at
1311 1345 1397 1370 vero

210 1386 322 1422 multo
340 1385 481 1433 majora
500 1394 537 1422 et
557 1388 704 1423 meliora
724 1386 822 1424 facit.
879 1385 967 1423 Non
988 1385 1122 1422 viribus
1141 1395 1204 1422 aut
1223 1386 1396 1424 velocita-

207 1440 302 1477 tibus
317 1447 381 1476 aut
395 1440 576 1476 celeritate
593 1453 786 1490 corporum
808 1452 864 1476 res
880 1452 1020 1489 magnae
1035 1446 1214 1488 geruntur,
1231 1439 1292 1476 sed
1309 1452 1398 1477 con-

209 1494 299 1540 silio,
320 1494 544 1539 auctoritate,
564 1494 766 1541 sententia,
796 1494 926 1543 quibus
946 1506 1017 1530 non
1039 1492 1148 1530 modo
1169 1505 1241 1529 non
1261 1493 1392 1540 orbari,

208 1547 269 1583 sed
290 1547 403 1584 etiam
421 1548 541 1595 augeri
562 1554 732 1585 senectus
752 1548 854 1585 solet.
916 1546 974 1586 18.
1004 1546 1085 1584 Nisi
1100 1546 1188 1584 forte
1203 1559 1269 1596 ego
1282 1547 1398 1594 vobis,

209 1602 327 1650 quiet
344 1601 448 1638 miles
475 1609 510 1637 et
539 1601 724 1639 Tribunus
751 1609 788 1638 et
816 1601 973 1650 Legatus
1001 1607 1036 1637 et
1064 1600 1202 1637 Consul
1233 1608 1398 1639 versatus

209 1667 292 1692 sum
312 1656 346 1691 in
369 1655 470 1691 vario
489 1667 619 1703 genere
639 1656 828 1700 bellorum,
848 1667 991 1692 cessare
1007 1666 1106 1691 nunc
1126 1654 1263 1701 videor,
1283 1667 1399 1704 quum

210 1709 304 1745 bella
325 1721 396 1745 non
416 1721 512 1757 gero.
542 1711 592 1746 At
614 1709 776 1754 Senatui,
796 1722 876 1758 quae
895 1715 979 1745 sunt
997 1707 1166 1756 gerenda,
1185 1709 1395 1757 praescribo,

208 1771 246 1799 et
263 1762 473 1812 quomodo:
503 1762 727 1811 Karthagini,
760 1763 855 1799 male
879 1761 960 1810 jam
979 1761 1042 1798 diu
1061 1763 1244 1809 cogitanti,
1262 1761 1398 1799 bellum

211 1817 326 1853 multo
354 1824 438 1853 ante
469 1816 671 1853 denuntio:
700 1816 745 1853 de
774 1828 846 1865 qua
866 1816 979 1852 vereri
1008 1827 1080 1851 non
1099 1821 1184 1851 ante
1213 1815 1396 1861 desinam,

211 1882 321 1919 quam
344 1871 441 1908 illam
461 1871 625 1909 excisam
646 1882 727 1906 esse
747 1881 965 1918 cognovero.
1008 1868 1064 1906 19.
1095 1867 1222 1913 Quam
1235 1868 1400 1918 palmam

212 1924 354 1961 utinam
376 1925 439 1962 Dii
461 1925 684 1962 immortales
703 1924 780 1969 tibi,
799 1923 934 1972 Scipio,
960 1930 1157 1968 reservent,
1182 1929 1223 1959 ut
1239 1922 1298 1958 avi
1321 1921 1401 1958 reli-

213 1979 318 2028 quias
336 1990 555 2029 persequare
572 1978 579 2015 Ξ
639 1976 760 2025 Cujus
788 1990 809 2013 a
830 1984 942 2013 morte
963 1975 1024 2012 hic
1041 1976 1190 2025 quintus
1208 1982 1244 2013 et
1262 1976 1400 2013 tricesi—

214 2043 299 2068 mus
314 2039 369 2069 est
387 2045 531 2069 annus:
554 2030 619 2068 sed
638 2031 852 2068 memoriam
873 2030 964 2066 illius
981 2029 1045 2066 viri
1065 2030 1253 2079 excipient
1271 2041 1401 2067 omnes

212 2084 300 2121 anni
330 2092 610 2135 consequentes.
667 2086 778 2122 Anno
806 2091 888 2120 ante
917 2095 975 2119 me
1007 2083 1207 2120 Censorem
1238 2090 1401 2120 mortuus

211 2144 280 2184 ets,
319 2136 405 2190 [1]x
435 2140 540 2176 annis
568 2146 649 2188 post
682 2150 808 2174 mcum
839 2137 1099 2182 Consulatum,
1132 2150 1244 2186 quum
1274 2137 1403 2174 consul

213 2193 359 2237 iterum,
395 2205 456 2230 me
487 2192 664 2238 Consule,
693 2199 837 2228 creatus
864 2197 973 2227 esset.
1029 2190 1129 2227 Num
1150 2191 1268 2239 igitur,
1296 2191 1326 2227 si
1355 2187 1402 2226 ad

213 2247 457 2283 centesimum
478 2258 615 2282 annum
645 2244 808 2291 vixisset,
828 2244 1024 2281 senectutis
1041 2256 1128 2281 eum
1149 2257 1224 2282 suae
1251 2243 1402 2294 poenite-

215 2306 267 2336 ret
284 2300 300 2337 ’ἔ
354 2298 439 2336 Nec
456 2300 557 2336 enim
571 2299 803 2345 excursione,
826 2310 895 2335 nec
915 2298 1021 2343 saltu,
1042 2309 1112 2334 nec
1131 2298 1276 2335 eminus
1291 2296 1401 2334 hastis

212 2360 276 2390 aut
290 2353 456 2392 eominus
473 2352 597 2403 gladiis
627 2358 798 2400 uteretur,
818 2351 882 2389 sed
902 2351 1068 2398 consilio,
1084 2351 1238 2398 ratione,
1257 2356 1402 2392 senten·-
