1496 2671
399 157 564 196 LIBER
595 156 865 202 QUARTUS.
935 143 937 146 '
1170 156 1219 195 50

52 271 158 316 petas
177 265 186 305 Ξ
216 259 461 317 periculosum
481 269 537 302 est
556 265 787 314 praegrande
812 264 1010 313 imperium
1033 277 1040 302 :
1071 263 1221 301 difficile

53 326 112 359 est
139 319 342 363 continere,
372 318 472 367 quod
509 330 640 367 capere
671 330 748 355 non
784 318 913 367 possis.
974 317 1146 364 Videsne,
1180 325 1222 353 ut

56 373 214 422 navigia,
234 383 326 419 quae
343 371 493 408 modum
513 371 711 416 excedunt,
728 371 807 419 regi
826 371 1044 419 nequeant?
1072 370 1221 413 Nescio,

56 440 104 464 an
131 424 269 463 Darius
295 425 380 462 ideo
407 429 484 462 tam
514 425 630 462 multa
658 424 836 470 amiserit,
865 424 949 472 quia
976 425 1110 462 nimiae
1138 437 1225 474 opes

58 491 213 528 magnae
225 478 392 528 jacturae
417 478 538 515 locum
565 478 716 516 faciunt.
774 477 932 515 Facilius
961 483 1016 515 est
1043 478 1223 526 quaedam

57 533 212 577 vincere,
250 543 358 580 quam
386 532 512 570 tueri:
541 543 650 580 quam
676 531 824 569 hercule
852 531 1065 580 expeditius
1094 543 1225 569 manus

56 590 204 624 nostrae
231 585 391 634 rapiunt,
420 597 529 633 quam
570 585 794 622 continent!
861 584 946 634 Ipsa
973 596 1072 622 mors
1100 587 1226 623 uxoris

56 639 162 676 Darii
182 645 219 676 te
238 639 440 676 admonere
459 643 593 689 potest,
614 638 734 676 minus
748 637 824 688 jam
848 637 1120 676 misericordiae
1140 646 1227 677 tuae

54 693 174 738 licere,
196 704 304 740 quam
323 691 455 730 licuit.’

108 746 252 783 XLIV.
325 746 553 790 Alexander,
595 745 728 794 legatis
767 745 950 783 excedere
986 746 1225 784 tabernaculo

51 799 174 848 jussis,
195 800 285 848 quid
310 799 473 849 placeret
500 800 548 836 ad
584 799 780 837 concilium
816 798 942 838 refert.
1012 799 1090 836 Diu
1119 812 1228 837 nemo

56 853 145 901 quid
164 854 318 891 sentiret
337 865 445 890 ausus
464 861 521 891 est
548 853 681 898 dicere,
711 853 853 891 incerta
879 853 978 902 regis
1005 853 1198 891 voluntate
1218 868 1225 897 ;

55 906 208 944 tandem
229 907 437 953 Parmenio,
467 912 554 945 ante
582 907 747 951 suasisse,
777 907 840 951 ait,
868 912 910 944 ut
938 907 1103 956 captivos
1131 908 1229 956 apud

59 960 282 997 Damascum
302 961 571 998 redimentibus
588 960 787 1004 redderet;
826 961 1017 1009 ingentem
1037 962 1229 1009 pecuniam

58 1014 222 1062 potuisse
240 1014 359 1062 redigi
379 1026 426 1050 ex
444 1014 498 1060 iis,
521 1014 583 1062 qui
610 1013 717 1051 multi
745 1013 859 1051 vincti
889 1014 1051 1051 virorum
1080 1014 1230 1052 fortium

58 1074 282 1117 occuparent
318 1080 478 1105 manus:
520 1068 571 1105 Et
607 1080 707 1104 nunc
746 1079 971 1116 magnopere
999 1080 1161 1113 censere,
1191 1076 1229 1106 ut

60 1133 170 1157 unam
192 1133 315 1166 anum,
337 1125 374 1158 et
394 1121 485 1157 duas
504 1121 654 1169 puellas,
676 1120 850 1158 itinerum
880 1121 1144 1170 agminumque
1163 1122 1231 1158 im-

58 1174 281 1222 pedimenta,
316 1174 472 1222 triginta
508 1174 670 1211 millibus
708 1174 858 1211 talentis
896 1174 975 1211 auri
1012 1182 1229 1224 permutet:

59 1227 236 1277 Opimum
254 1240 409 1276 regnum
431 1228 604 1276 occupari
622 1240 728 1277 posse
747 1227 976 1273 conditione,
995 1241 1073 1265 non
1101 1229 1199 1266 bello
1222 1245 1228 1266 z

59 1293 127 1318 nec
145 1292 363 1329 quemquam
381 1281 494 1318 alium
522 1281 621 1318 inter
641 1281 776 1319 Istrum
804 1287 842 1318 et
862 1281 1079 1330 Euphraten
1109 1296 1232 1331 posse-

58 1335 155 1371 disse
169 1340 286 1372 terras
304 1335 450 1383 ingenti
465 1335 584 1383 spatio
603 1335 869 1383 intervalloque
884 1335 1061 1373 discretas
1078 1349 1086 1373 ι
1109 1337 1233 1374 Mace·

59 1388 209 1425 doniam
228 1399 372 1436 quoque
390 1388 589 1437 respiceret
616 1388 752 1438 potius,
773 1400 883 1436 quam
905 1388 1042 1426 Bactra
1061 1395 1098 1427 et
1120 1390 1233 1428 Indos

60 1442 278 1479 intueretur.
336 1442 490 1490 Ingrata
509 1441 628 1480 oratio
646 1442 726 1491 regi
753 1441 835 1480 fuit.
894 1442 1024 1490 Itaque
1052 1450 1092 1481 ut
1120 1444 1230 1480 finem

59 1495 208 1542 dicendi
226 1494 312 1533 fecit
332 1507 341 1532 ε
372 1500 380 1515 ⁶
398 1495 448 1533 Et
467 1494 561 1544 ego,'
615 1495 747 1543 inquit,
778 1499 788 1516 ‘
803 1496 996 1545 pecuniam
1024 1508 1131 1545 quam
1151 1498 1230 1546 glo-

60 1549 151 1585 riam
187 1549 346 1593 mallem,
381 1549 411 1586 si
445 1548 641 1586 Parmenio
669 1561 797 1586 essem.
856 1548 986 1599 [Nunc
1014 1551 1233 1589 Alexander

59 1602 106 1638 de
141 1609 359 1651 paupertate
386 1615 534 1639 securus
563 1614 668 1639 sum:
711 1607 749 1640 et
789 1616 848 1640 me
886 1616 961 1640 non
990 1610 1229 1642 mercatorem

62 1655 213 1692 memini
232 1668 320 1699 esse,
339 1657 406 1693 red
425 1656 586 1707 regem.]
644 1656 745 1693 Nihil
767 1656 914 1704 quidem
934 1657 1053 1694 habeo
1073 1660 1201 1696 venale
1223 1674 1229 1696 :

60 1709 124 1745 sed
161 1709 346 1747 fortunam
386 1722 505 1747 meam
535 1710 662 1757 utique
689 1723 765 1746 non
794 1711 928 1747 vendo.
998 1711 1174 1760 Captivos
1201 1714 1229 1750 si

61 1762 182 1811 placet
223 1763 341 1809 reddi,
370 1763 561 1802 honestius
602 1763 703 1801 dono
744 1763 926 1810 dabimus,
964 1776 1071 1813 quam
1113 1768 1231 1814 pretio

60 1815 318 1854 remittemus?

114 1869 235 1906 XLV.
277 1870 505 1909 Introductis
543 1870 680 1907 deinde
716 1870 848 1919 legatis
877 1871 923 1907 ad
951 1870 1051 1908 hunc
1080 1873 1229 1909 modum

61 1923 275 1972 respondit:
318 1924 507 1962 Nunciate
553 1924 682 1969 Dario,
723 1937 792 1969 me,
831 1936 924 1972 quae
969 1924 1116 1962 fecerim
1156 1927 1229 1963 cle-

65 1976 207 2014 me‘nter
234 1982 271 2015 et
297 1978 509 2023 liberaliter,
530 1991 606 2015 non
635 1978 820 2015 amicitiae
847 1978 925 2027 ejus
952 1978 1136 2025 tribuisse,
1167 1981 1231 2017 sed

62 2037 215 2067 naturae
252 2044 382 2069 meae:
423 2032 570 2069 Bellum
606 2044 689 2068 cum
728 2032 882 2080 captivis
919 2037 957 2070 et
992 2032 1138 2070 feminis
1165 2047 1229 2082 ge-

60 2095 141 2120 rere
175 2096 251 2121 non
287 2085 414 2122 soleo:
445 2091 607 2123 armatus
645 2085 692 2123 sit
729 2090 888 2134 oportet,
926 2098 1036 2134 quem
1072 2087 1226 2125 oderim.

63 2137 175 2181 Quod
212 2137 242 2174 si
278 2138 406 2176 saltem
442 2152 570 2188 pacem
605 2139 703 2176 bona
740 2139 814 2176 fide
849 2143 1006 2188 peteret,
1046 2139 1228 2179 delibera-

61 2203 138 2226 rem
184 2190 339 2229 forsitan
393 2205 440 2229 an
477 2193 602 2230 darem
624 2206 632 2230 :
680 2204 809 2229 verum
860 2194 1060 2238 enimvero,
1113 2208 1228 2243 quum

64 2244 174 2280 modo
194 2244 328 2282 milites
347 2258 447 2282 meos
474 2246 590 2283 literis
610 2246 656 2282 ad
677 2246 940 2295 proditionem,
961 2248 1072 2284 modo
1092 2249 1228 2286 amieos

65 2298 112 2333 ad
130 2298 329 2345 perniciem
355 2312 473 2336 meam
491 2300 648 2348 pecunia
667 2300 839 2345 solicitet,
861 2301 908 2337 ad
935 2300 1225 2339 internecionem

61 2350 151 2387 mihi
170 2353 447 2400 persequendus
467 2358 533 2397 est,
554 2365 631 2390 non
658 2358 701 2391 ut
715 2353 839 2402 justus
858 2353 986 2400 hostis,
1009 2354 1073 2391 sed
1089 2363 1132 2393 ut
1146 2369 1228 2404 per-

58 2417 184 2441 cussor
203 2411 240 2443 et
255 2406 454 2444 veneficus.
512 2406 755 2444 conditiones
771 2420 858 2445 vero
873 2408 984 2457 pacis,
1002 2421 1092 2456 quas
1112 2409 1228 2452 fertis,
