1496 2671
204 142 255 180 26
563 134 855 182 AGchoLAE
886 144 1034 182 vi‘rA.

208 262 320 299 quem
339 251 503 289 laeseris:
526 251 739 290 Domitiani
757 265 847 289 vero
865 258 1002 290 natura
1029 264 1196 301 praeceps
1223 252 1265 289 in
1290 253 1400 298 iram,

206 310 243 340 et
271 316 344 352 quo
371 304 569 352 obscurior,
598 317 643 342 eo
670 305 951 352 irrevocabilior,
988 303 1238 342 moderatione
1273 310 1399 352 tamen

205 357 470 408 prudentiaque
494 358 671 408 Agricolae
690 359 892 396 leniebatur
910 372 920 396 ι
949 360 1034 408 quia
1053 371 1126 396 non
1146 358 1396 405 contumacia,

206 422 327 460 neque
363 412 463 449 inani
487 412 689 461 jactatione
716 412 900 459 libertatis,
918 411 1059 449 samam
1094 411 1282 462 satumque
1313 425 1398 462 pro·

206 465 380 502 vocabat.
435 465 574 512 Sciant,
602 466 735 516 quibus
753 467 864 504 moris
890 472 945 503 est
971 465 1095 502 illicita
1125 467 1256 513 mirari,
1289 478 1397 516 posse

205 518 317 555 etiam
335 519 402 556 sub
422 519 528 557 malis
556 520 782 570 principibus
801 532 954 568 magnos
972 520 1069 556 viros
1086 531 1168 558 esse
1186 532 1196 557 :
1224 520 1395 569 obsequi-

207 583 346 621 umque
374 585 420 610 ac
449 573 680 621 modestiam,
708 575 736 611 si
773 573 949 610 industria
977 585 1023 609 ac
1059 573 1159 622 vigor
1193 573 1324 620 adsint,
1353 585 1398 611 eo

206 626 326 663 laudis
344 626 537 673 excedere,
559 640 631 676 quo
659 628 820 677 plerique
839 638 904 676 per
921 627 1088 675 abrupta,
1116 626 1180 664 sed
1197 627 1234 663 in
1253 627 1397 664 nullum

208 678 421 729 reipublicae
440 694 563 728 usum,
584 682 775 718 ambitiosa
795 687 910 717 morte
929 681 1190 717 inclaruerunt.

261 732 409 771 XLIII.
455 734 560 772 Finis
604 736 687 773 vitae
733 733 816 783 ejus
861 734 966 771 nobis
1011 735 1218 780 luctuosus,
1264 735 1395 772 amicis

207 786 326 834 tristis,
364 790 549 826 extraneis
584 790 696 825 etiam
735 788 938 836 ignotisque
974 800 1047 824 non
1085 789 1163 825 sine
1201 799 1291 824 cura
1317 787 1399 825 suit.

206 839 345 890 Vulgus
373 853 533 892 quoque,
561 847 597 879 et
624 840 686 878 hic
715 841 814 878 aliud
843 853 954 890 agens
981 842 1152 891 populus,
1179 847 1216 878 et
1241 842 1397 879 ventita-

202 905 291 931 vere
319 894 367 931 ad
395 895 564 941 domurn,
592 901 629 932 et
659 907 725 945 per
760 894 837 932 sora
873 903 909 932 et
945 895 1101 932 circulos
1136 895 1250 932 locuti
1285 902 1398 932 sunt:

205 959 277 984 nec
311 949 520 997 quisquam,
548 948 673 986 audita
701 957 818 986 morte
847 948 1041 997 Agricolae,
1069 954 1133 985 aut
1159 949 1305 987 laetatus
1325 947 1395 996 est,

203 1006 267 1038 aut
294 1002 416 1039 statim
444 1002 577 1039 oblitus
604 1009 673 1039 est.
731 1003 904 1051 Augebat
923 1002 1195 1040 miserationem
1223 1008 1397 1039 constans

204 1067 342 1102 rumor,
378 1060 404 1079 “
422 1067 568 1093 veneno
595 1055 881 1106 interceptum.’'
953 1055 1071 1094 Nobis
1098 1054 1189 1092 nihil
1209 1052 1394 1106 'comperti

205 1108 399 1146 adfirmare
419 1111 535 1147 ausim
553 1122 563 1147 z
591 1116 752 1148 ceterum
771 1121 835 1160 per
863 1121 1014 1147 omnem
1032 1109 1280 1147 valetudinem
1299 1109 1395 1159 ejus,

206 1163 379 1210 crebrius,
401 1174 514 1213 quam
533 1176 584 1202 ex
602 1175 703 1201 more
731 1165 959 1214 principatus
977 1176 1043 1213 per
1060 1164 1206 1201 nuntios
1233 1164 1394 1210 visentis,

201 1221 239 1252 et
265 1216 473 1255 libertorum
509 1219 630 1267 primi,
658 1224 695 1255 et
722 1218 950 1255 medicorum
977 1218 1093 1255 intimi
1125 1228 1287 1254 venere:
1316 1218 1394 1255 sive

205 1281 296 1307 cura
330 1271 431 1317 illud,
461 1271 539 1308 sive
566 1272 748 1320 inquisitio
775 1279 863 1309 erat.
939 1271 1118 1320 Supremo
1144 1269 1294 1319 quidem
1319 1271 1392 1317 die,

202 1332 393 1362 momenta
411 1325 614 1363 deficientis
633 1337 698 1376 per
715 1325 905 1374 dispositos
934 1335 1100 1361 cursores
1118 1327 1285 1360 nuntiata
1305 1337 1395 1361 con-

203 1377 335 1425 stabat,
355 1379 455 1416 nullo
483 1378 665 1425 credente,
694 1380 748 1415 sic
777 1378 986 1423 accelerari,
1006 1390 1090 1427 quae
1108 1377 1216 1415 tristis
1243 1377 1394 1416 audiret.

203 1428 374 1479 Speciem
393 1437 516 1468 tamen
533 1431 662 1469 doloris
682 1433 808 1468 animo
829 1432 1004 1480 vultuque
1024 1444 1098 1480 prae
1117 1443 1156 1468 se
1175 1431 1267 1478 tulit,
1287 1443 1395 1469 secu-

202 1495 263 1521 rus
277 1484 357 1533 jam
378 1485 463 1531 odii,
482 1491 519 1522 et
537 1487 599 1533 qui
627 1484 770 1522 facilius
797 1485 1041 1522 dissimularet
1067 1484 1253 1535 gaudium,
1283 1498 1393 1535 quam

203 1545 355 1575 metum.
415 1538 508 1575 Satis
523 1539 724 1585 constabat,
745 1540 841 1576 lecto
859 1545 1079 1576 testamento
1098 1539 1298 1587 Agricolae,
1317 1553 1392 1589 quo

210 1591 430 1630 coheredem
458 1592 605 1642 optimae
624 1594 729 1629 uxori
759 1599 796 1629 et
823 1593 996 1642 piissimae
1026 1593 1110 1630 filiae
1138 1591 1393 1630 Domitianum

200 1646 356 1695 scripsit,
390 1646 555 1683 laetatum
592 1658 693 1692 eum,
730 1647 830 1683 velut
861 1645 999 1683 honore
1028 1645 1273 1695 judicioque:
1306 1652 1390 1686 tam

201 1711 306 1736 caeca
333 1705 370 1737 et
397 1706 567 1749 corrupta
605 1711 709 1736 mens
746 1700 901 1737 assiduis
929 1699 1201 1737 adulationibus
1226 1706 1317 1747 erat,
1354 1708 1394 1738 ut

200 1754 357 1791 nesciret
384 1766 406 1790 a
434 1754 533 1790 bono
561 1760 661 1802 patre
691 1766 763 1790 non
801 1753 908 1790 scribi
937 1752 1126 1801 heredem,
1152 1754 1222 1791 nisi
1251 1755 1392 1792 malum

199 1807 420 1857 principem.

255 1859 399 1898 XLIV.
441 1860 562 1898 Natus
599 1866 676 1897 erat
712 1860 898 1909 Agricola,
938 1861 1030 1898 Caio
1067 1861 1213 1899 Caesare
1249 1862 1392 1899 tertIum

201 1915 366 1960 consule,
397 1913 520 1951 Idibus
546 1914 690 1953 Juniis:
718 1915 879 1952 excessit
897 1921 1002 1952 sexto
1028 1920 1065 1951 et
1086 1915 1392 1964 ,quinquagesimo

205 1980 316 2013 anno,
345 1968 490 2006 decimo
522 1967 710 2006 Kalendas
741 1968 986 2017 Septembres,
1015 1967 1166 2016 Cellega
1194 1968 1392 2018 Priscoque

207 2022 432 2059 consulibus.
490 2022 603 2067 Quod
631 2023 661 2058 si
689 2021 854 2059 habitum
883 2033 1029 2072 quoque
1047 2020 1129 2069 ejus
1147 2023 1282 2071 posteri
1308 2034 1393 2059 nos-

202 2086 288 2111 cere
316 2076 440 2121 velint,
470 2074 662 2114 decentior
689 2089 800 2126 quam
828 2075 1014 2113 sublimior
1032 2073 1125 2111 suit:
1154 2074 1242 2112 nihil
1271 2081 1392 2113 metus

199 2130 236 2164 in
256 2129 359 2166 vultu
378 2142 388 2166 :
416 2131 530 2178 gratia
551 2130 622 2166 oris
640 2136 828 2180 supererat
848 2144 857 2166 :
888 2129 1025 2165 bonum
1046 2130 1166 2165 virum
1186 2128 1292 2166 facile
1311 2141 1390 2167 cre·
1440 2174 1443 2177 ,

200 2180 315 2227 dereS,
354 2195 532 2231 magnum
562 2183 729 2221 libenter.
803 2182 854 2219 Et
880 2184 958 2231 ipse
987 2181 1148 2231 quidem,
1177 2195 1392 2231 quanquam

200 2234 324 2272 medio
360 2238 397 2273 in
435 2238 552 2285 spatio
588 2238 733 2285 integrae
779 2237 894 2274 aetatis
931 2242 1088 2285 ereptus,
1126 2243 1306 2284 quantum
1343 2236 1390 2273 ad

200 2289 363 2337 gloriam,
399 2290 649 2337 longissimum
686 2303 810 2327 aevum
839 2291 987 2339 peregit.
1061 2289 1213 2339 Quippe
1240 2298 1277 2327 et
1303 2301 1390 2327 vera

199 2342 308 2390 bona,
330 2355 411 2392 quae
432 2343 469 2379 in
484 2343 674 2383 virtutibus
692 2345 759 2380 sita
777 2351 873 2390 sunt,
892 2344 1105 2392 impleverat
1125 2356 1135 2391 3
1163 2349 1201 2379 et
1219 2343 1388 2381 consula-

198 2396 297 2433 n'bus
335 2409 379 2433 ac
416 2396 693 2446 triumphalibus
729 2398 950 2435 ornamentis
983 2396 1145 2446 praedito.
1174 2396 1261 2447 quid
1290 2395 1385 2433 aliud
