1496 2671
530 144 845 182 HANNIBAL.
1236 147 1285 182 45

93 259 190 301 «lem,
230 257 306 304 qua
333 253 504 297 fratrem,
535 250 658 301 poen&u
687 251 909 289 affecerunt.
969 251 1046 296 Illi,
1078 252 1291 300 desperans

94 312 218 354 rebus,
239 321 358 357 quum
379 307 584 344 solvissent
604 319 734 349 naves,
756 318 799 342 ac
821 306 902 342 vela
924 306 1055 343 ventis
1081 306 1291 350 dedissent,

95 362 291 400 Hannibal
311 362 357 398 ad
379 360 617 397 Antiochum
646 359 835 408 pervenit.
894 357 952 396 De
984 359 1165 408 Magonis
1194 360 1293 396 inte-

93 418 170 453 ritu
191 415 334 463 duplex
355 414 537 450 memoria
561 413 712 461 prodita
733 418 790 449 cst
808 427 817 455 ;
845 425 1011 460 namque
1040 413 1104 449 alii
1134 412 1292 449 nansi-a·-

92 470 167 518 gio,
189 469 256 505 alii
276 481 297 504 a
318 468 439 504 servis
459 467 582 516 ipsius
609 466 857 503 intersectum
887 479 986 511 eum,
1018 467 1203 515 scriptum
1232 479 1293 503 re-

92 518 301 570 liquerunt.
360 521 580 558 Antiochus
601 526 741 562 autem,
764 520 796 556 si
823 524 901 555 tam
933 519 973 555 in
1008 521 1158 568 agendo
1191 520 1293 557 bello

94 588 229 624 parere
249 575 434 611 voluisset
456 574 626 611 consiliis
647 573 743 621 ejus,
765 586 880 621 quam
901 573 940 608 in
963 573 1208 622 suscipiendo
1233 574 1294 609 in-

95 631 284 672 stituerat,
307 628 465 676 propius
486 627 633 670 Tiberi,
657 638 770 674 quam
792 626 1065 675 Thermopylis
1081 627 1127 664 de
1144 626 1293 664 summai

93 682 245 730 imperii
268 682 500 718 dimicasset.
560 681 684 725 Quem
704 680 776 717 etsi
796 680 918 716 multa
938 680 1055 716 stulte
1082 681 1211 717 conari
1235 681 1292 717 vi·

94 737 220 780 debat,
242 742 369 772 tamen
391 733 497 772 nulla
517 734 686 771 deseruit
706 734 747 770 in
769 746 820 770 re.
878 732 1054 770 Praefuit
1074 734 1205 782 paucis
1225 747 1294 771 na-

94 790 218 834 vibus,
242 801 335 837 quas
355 800 407 825 ex
431 787 692 838 Syriajussus
712 793 793 824 erat
814 788 853 823 in
875 786 1010 823 Asiam
1031 787 1185 833 (lucere,
1214 788 1293 823 his-

94 857 169 892 que
188 844 373 880 adversus
396 842 636 879 Rhodiorum
666 841 825 877 classem
857 841 897 877 in
931 841 1164 890 Pamphylio
1196 842 1292 878 mari

95 897 285 933 conflixit.
343 895 430 941 Quo
463 909 582 943 quum
612 894 860 931 multitudine
896 895 1205 932 adversariorum
1234 894 1295 931 sui

95 956 382 999 superarentur,
403 950 498 998 ipsc,
520 961 594 996 quo
614 961 733 986 cornu
755 961 835 985 rem
857 948 988 996 gessit,
1010 947 1086 985 suit
1106 949 1294 997 superior.

97 1089 195 1126 CAP.
225 1089 303 1126 IX.
348 1086 560 1135 Hannibal,
578 1086 931 1178 Αηῖίῒίσξὲοιΐαςαῐο,
956 1087 1147 1124 Cretenses
1162 1099 1296 1125 avaros

626 1154 642 1178 e
661 1154 684 1177 u
713 1154 726 1177 z
751 1169 759 1177 .

150 1218 374 1255 ANTlocHo
394 1217 542 1266 fugato,
563 1230 699 1255 verens
730 1230 778 1254 nc
811 1217 1027 1261 dederetur,
1059 1217 1180 1266 (quod
1213 1218 1295 1255 sine

97 1272 214 1309 dubio
234 1272 448 1316 accidisset,
469 1271 501 1308 si
523 1272 581 1307 sui
602 1272 756 1308 fecisset
775 1270 1034 1320 potestatem)
1057 1270 1226 1316 Cretam,
1247 1272 1296 1308 ad

98 1324 311 1374 Gortynios
332 1325 449 1369 venit,
473 1330 514 1361 ut
535 1326 601 1369 ibi,
623 1338 700 1373 quo
720 1338 760 1361 se
781 1324 984 1368 conferret,
1016 1325 1293 1362 consideraret.

98 1378 211 1415 Vidit
230 1386 359 1415 autem
378 1379 440 1414 vir
459 1379 628 1415 omnium
659 1378 941 1421 callidissimus,
980 1391 1117 1426 magno
1131 1391 1178 1424 se
1213 1379 1295 1415 fore

99 1432 281 1480 periculo,
302 1432 377 1468 nisi
398 1432 491 1480 quid
511 1432 777 1480 praevidisset,
799 1439 956 1480 propter
976 1432 1178 1468 avaritiam
1198 1431 1295 1469 Cre-

98 1486 264 1523 tensium
288 1500 297 1528 ;
326 1498 502 1534 magnam
524 1486 626 1522 enim
647 1499 775 1522 secum
805 1486 1006 1533 pecuniam
1037 1487 1225 1534 portabat,
1249 1486 1296 1523 de

99 1536 176 1587 qua
194 1539 339 1576 sciebat
359 1539 501 1576 exiisse
521 1539 674 1576 famam.
714 1539 853 1588 Itaque
865 1539 967 1587 capit
980 1540 1056 1576 tale
1077 1540 1294 1576 consilium.

100 1593 322 1641 Amphoras
342 1593 554 1640 complures
573 1593 752 1640 complet.
771 1593 938 1640 pIumbO,
969 1606 1137 1630 summas
1171 1594 1296 1641 operit

100 1659 193 1683 auro
213 1652 249 1682 et
269 1652 445 1694 argentm
467 1646 545 1690 has,
563 1645 766 1695 Gortyniis
788 1647 1066 1694 praesentibus,
1083 1647 1240 1695 deponit
1254 1647 1295 1683 in

98 1699 241 1748 templo
261 1697 420 1744 Dianae,
443 1700 638 1744 simulans,
660 1712 700 1736 se
720 1712 807 1736 suas
827 1699 1002 1737 fortunas
1023 1700 1176 1737 illorum
1204 1701 1295 1737 fidei

99 1754 265 1790 credere.
323 1751 395 1789 His
414 1753 453 1789 in
473 1766 641 1790 errorem
671 1754 807 1797 ductis,
844 1759 989 1790 statuas
1021 1766 1170 1798 aeneas,
1200 1767 1296 1802 quas

101 1819 228 1843 secum
247 1808 435 1855 portabat,
458 1819 588 1843 omnes
609 1804 678 1844 sua
696 1804 861 1855 pecunia
880 1807 1057 1855 complet,
1080 1820 1220 1855 easque
1254 1807 1295 1843 in

101 1861 302 1908 propatulo
318 1860 419 1897 domi
440 1860 584 1907 abjicit.
643 1859 829 1909 Gortynii
850 1861 1035 1908 templum
1053 1859 1296 1909 magnacurfi,

101 1914 332 1957 custodiunt,
353 1927 430 1950 non
450 1920 527 1950 tam
549 1927 571 1951 a
590 1915 741 1958 ceteris,
762 1927 876 1962 quam
904 1915 951 1950 ab
981 1912 1212 1959 Hannibale,
1247 1927 1295 1951 ne

101 1967 193 2015 quid
212 1967 288 2010 ille,
311 1967 563 2004 inscientibus
593 1968 664 2013 his,
695 1968 860 2012 tolleret,
890 1980 1094 2015 secumque
1124 1974 1297 2017 asporta·-

102 2026 172 2057 ret.

104 2159 202 2197 CAP.
233 2159 286 2195 X.
345 2158 544 2197 Hannibal
564 2159 743 2198 Prusiam
766 2159 928 2197 concitat
958 2158 1136 2197 adversus
1164 2159 1298 2197 Roma-

658 2226 738 2251 nos.

159 2286 240 2331 Sic,
259 2288 493 2324 conservatis
513 2288 592 2325 suis
612 2289 739 2333 rebus,
761 2287 923 2333 Poenus,
945 2289 1067 2325 illusis
1097 2287 1296 2326 Cretensi-

103 2343 176 2379 bus
195 2342 382 2385 omnibus,
404 2341 451 2377 ad
470 2339 644 2378 Prusiam
679 2343 718 2378 in
748 2341 918 2379 Pontum
955 2343 1161 2391 pervenit3
1195 2343 1297 2391 apud

104 2407 216 2444 quem
238 2393 367 2431 codem
382 2394 507 2431 animo
523 2393 595 2431 fuit
613 2408 704 2443 erga
720 2395 873 2433 Italiam
896 2411 905 2439 3
921 2408 1045 2443 neque
1061 2395 1164 2431 aliud
1186 2397 1296 2445 quide
