1496 2671
424 130 587 169 LIBER
617 127 859 167 TERTIUS.
1166 129 1214 166 21

70 238 260 277 Persarum
278 237 416 286 equites
433 236 602 274 ferociter
628 237 668 273 in
686 236 828 273 laevum
848 249 960 274 cornu
977 236 1136 275 hostium
1163 236 1220 273 in-

70 293 165 331 vecti
183 296 278 330 sunt.
335 290 481 340 Qiuppe
518 290 654 327 Darius
679 291 837 338 equestri
863 291 1000 339 praelio
1027 291 1225 328 decernere

71 346 233 395 optabat,
266 344 480 394 phalangem
516 343 747 381 Macedonici
784 344 966 381 exercitus
991 345 1102 382 robur
1145 356 1224 380 esse

70 398 301 448 conjectans;
324 397 473 446 jamque
509 397 618 435 etiam
648 397 819 434 dextrum
864 398 1069 434 Alexandri
1109 410 1222 435 cornu

70 451 338 490 circumibatur.
382 451 493 497 Quod
515 451 574 487 ubi
595 450 750 487 Macedo
770 451 972 499 conspexit,
991 452 1132 488 duabus
1159 451 1226 488 alis

70 504 230 552 equitum
258 505 305 542 ad
335 504 462 553 jugum
489 505 624 542 montis
645 504 756 553 jussis
784 504 990 551 subsistere,
1019 511 1159 542 ceteros
1186 505 1225 541 in

68 558 226 595 medium
253 558 341 595 belli
375 559 568 595 discrimen
596 562 745 595 strenue
772 557 957 595 transfert.
1027 557 1226 595 Subductis

68 611 202 649 deinde
233 624 279 648 ex
309 611 386 649 acie
414 612 599 649 Thessalis
624 611 817 659 equitibus,
851 611 1073 660 praefectum
1100 623 1225 648 eorum

69 665 210 703 occulte
235 666 426 702 circumire
439 670 583 713 tergum
611 677 758 702 suorum
777 664 897 713 jubet,
919 664 1226 712 Parmenionique

68 717 255 768 conjungi,
277 724 314 757 et
326 719 425 766 quod
443 719 473 756 is
491 719 705 768 imperasset
731 719 888 767 impigre
907 718 1067 766 exsequi.
1120 718 1144 755 J
1149 731 1224 755 am-

67 783 138 820 que
174 772 243 821 ipsi
282 773 322 809 in
361 772 521 809 medium
564 770 797 824 [Persarum]
828 771 990 819 undique
1017 771 1225 808 circumfusi

67 826 215 874 egregie
233 838 272 863 se
298 827 509 864 tuebantur.
566 826 639 863 Sed
658 826 828 870 conserti,
849 831 886 863 et
905 826 1008 873 quasi
1027 826 1225 862 cohaeren-

68 883 136 924 tes,
164 879 239 916 tela
255 879 400 916 vibrare
426 892 501 916 non
529 884 729 928 poterant:
760 879 866 916 simul
894 884 999 916 erant
1025 879 1166 923 emissa,
1186 879 1226 915 in

68 932 216 970 eosdem
235 933 492 970 concurrentia
508 933 802 982 implicabantur,
823 933 966 980 levique
985 937 1023 970 et
1037 945 1132 969 vano
1150 933 1225 969 ictu

69 998 183 1035 pauca
209 987 248 1023 in
276 986 430 1032 hostem,
459 987 564 1036 plura
599 987 637 1023 in
657 987 809 1023 humum
836 986 988 1023 innoxia
1015 986 1225 1023 cadebant:

71 1051 159 1087 ergo
179 1039 342 1077 cominus
360 1052 522 1089 pugnam
548 1041 662 1077 coacti
683 1052 883 1085 conserere,
904 1039 1047 1088 gladios
1071 1040 1227 1089 impigre

69 1093 268 1141 stringunt.
326 1094 421 1130 Tum
459 1106 544 1131 vero
580 1094 736 1131 multum
765 1094 951 1142 sanguinis
987 1093 1106 1129 fusum
1143 1098 1223 1131 est:

67 1146 161 1183 duae
187 1147 321 1196 quippe
339 1147 433 1184 acies
451 1148 504 1185 ita
523 1147 776 1193 cohaerebant,
798 1153 839 1185 ut
857 1147 966 1184 armis
985 1159 1086 1184 arma
1103 1146 1226 1196 pulsa-

65 1204 160 1246 rent,
179 1212 372 1237 mucrones
390 1200 428 1237 in
447 1213 512 1238 ora
528 1200 742 1249 dirigerent.
798 1200 884 1237 Non
903 1200 1045 1246 timido,
1066 1212 1142 1237 non
1169 1200 1225 1249 ig-

66 1265 161 1290 navo
179 1266 319 1291 cessare
336 1259 415 1292 tum
434 1255 561 1298 licuit;
582 1254 716 1291 collato
734 1254 838 1303 pede,
858 1254 957 1302 quasi
977 1254 1110 1303 singuli
1129 1254 1227 1291 inter

64 1318 102 1343 se
120 1306 347 1361 dimicarent,
367 1308 406 1344 in
425 1308 554 1345 eodem
569 1308 724 1356 vestigio
737 1308 895 1351 stabant,
912 1307 1029 1344 donec
1044 1307 1225 1344 vincendo

65 1360 184 1397 locum
212 1361 281 1397 sibi
307 1360 483 1399 facerent.
538 1361 635 1398 Tum
670 1362 817 1398 demum
844 1374 934 1410 ergo
961 1361 1226 1409 promovebant

63 1413 233 1462 gradum,
263 1426 372 1462 quum
401 1415 545 1453 hostem
574 1419 862 1464 prostraverant.
918 1414 971 1452 At
998 1415 1080 1451 illos
1108 1426 1225 1451 novus

61 1467 266 1516 excipiebat
285 1468 515 1506 adversarius
542 1468 717 1517 fatigatos
733 1482 741 1506 z
771 1481 839 1505 nec
858 1468 1051 1513 vulnerati,
1073 1473 1115 1506 ut
1134 1467 1223 1505 alias

61 1521 192 1566 solent,
226 1521 304 1559 acie
329 1527 503 1571 poterant
531 1522 719 1568 excedere,
747 1534 858 1570 quum
879 1522 994 1560 hostis
1022 1522 1177 1560 instaret
1203 1534 1224 1558 a

60 1575 193 1619 fronte,
214 1587 236 1611 a
253 1579 360 1624 tergo
379 1576 433 1612 sui
453 1580 638 1624 urgerent.

114 1627 254 1665 XXVI.
284 1628 497 1666 Alexander
516 1642 591 1666 non
610 1629 712 1666 ducis
732 1628 848 1677 magis
867 1640 975 1677 quam
996 1629 1122 1667 militis
1143 1642 1221 1667 mu-

60 1692 149 1718 nera
167 1683 441 1729 exsequebatur,
462 1682 623 1732 opimum
640 1683 750 1719 decus
765 1695 869 1719 caeso
889 1683 996 1731 Rege
1014 1687 1191 1731 expetens
1212 1698 1219 1720 :

60 1735 194 1784 quippe
220 1734 356 1772 Darius
393 1748 500 1773 curru
529 1736 693 1773 sublimis
719 1736 916 1781 eminebat,
946 1741 983 1774 et
1011 1737 1084 1773 suis
1111 1737 1159 1774 ad
1186 1750 1224 1774 se

22 1792 24 1796 ’
60 1789 249 1832 tuendum,
265 1793 303 1827 et
321 1789 488 1828 hostibus
502 1790 550 1826 ad
569 1789 835 1835 incessendum,
856 1790 987 1838 ingens
1004 1790 1222 1827 incitamen-

61 1846 152 1879 tum.
226 1842 328 1891 Ergo
355 1843 468 1881 frater
496 1843 573 1892 ejus
603 1843 801 1888 Oxathres,
826 1855 938 1890 quum
966 1844 1221 1880 Alexandrum

59 1895 196 1932 instare
213 1896 247 1933 ei
264 1901 443 1943 cerneret,
471 1898 610 1945 equites
638 1897 768 1944 quibus
794 1902 962 1945 praeerat
989 1904 1076 1934 ante
1103 1898 1221 1946 ipsum

62 1960 206 1984 currum
225 1950 322 1998 regis
341 1950 495 1999 objecit3
524 1951 636 1988 armis
663 1955 700 1988 et
726 1950 858 1987 robore.
877 1951 1037 1999 eorporis
1066 1950 1221 1988 multum

64 2013 172 2050 super
191 2009 330 2040 ceteros
359 2004 535 2049 eminens,
556 2004 678 2041 animo
697 2016 784 2040 vero
804 2009 841 2041 et
859 2004 996 2053 pietate
1022 2004 1062 2040 in
1080 2005 1222 2052 paucis-

62 2054 174 2099 simis,
203 2055 266 2092 illo
286 2057 410 2105 utique
425 2059 576 2107 praelio,
598 2058 727 2103 clarus,
748 2057 838 2094 alios
856 2056 1061 2106 improvide
1078 2057 1220 2096 instan-

62 2115 117 2145 tes
143 2110 351 2156 prostravit,
380 2112 469 2149 alios
495 2111 534 2148 in
561 2112 685 2160 fugam
713 2111 860 2148 avertit.
913 2111 967 2148 At
987 2111 1220 2157 Macedones,

63 2167 104 2199 ut
135 2161 231 2198 circa
257 2174 376 2210 regem
403 2170 519 2211 erant,
547 2174 675 2203 mutua
701 2164 946 2202 adhortatone
972 2165 1118 2210 firmati,
1140 2178 1221 2202 cum

62 2215 141 2265 ipso
167 2214 207 2251 in
233 2216 396 2263 equitum
424 2230 557 2267 agmen
583 2219 804 2268 irrumpunt.
860 2218 954 2254 Tum
981 2230 1069 2255 vero
1095 2218 1222 2255 similis

61 2268 188 2306 ruinae
206 2273 346 2317 strages
372 2277 465 2308 erat.
519 2272 627 2310 Circa
653 2284 798 2310 currum
826 2271 934 2308 Darii
954 2271 1129 2320 jacebant
1154 2285 1222 2309 no-

62 2321 229 2359 bilissimi
247 2322 369 2369 duces,
389 2329 475 2362 ante
488 2326 610 2363 oculos
623 2327 726 2375 'regis
740 2325 885 2374 egregia
904 2329 1023 2363 morte
1042 2325 1219 2369 defuncti,

62 2387 188 2413 omnes
205 2375 244 2412 in
263 2389 327 2414 ora
346 2378 463 2427 proni,
492 2379 583 2417 sicut
611 2379 827 2417 dimicantes
846 2379 1128 2428 procubuerant,
1157 2379 1221 2416 ad-
