1496 2671
260 134 309 172 26
569 135 760 181 QUINTI
789 134 972 174 CURTII
1000 134 1132 175 RUFI

263 255 332 280 nec
351 241 544 291 quicquam
562 256 609 280 ex
626 244 804 293 pristinae
822 244 993 282 fortunae
1013 244 1290 294 magnificentia.
1307 243 1426 294 capti«

264 297 318 333 vis
337 306 484 346 praeter
502 297 675 334 fiduciam
694 298 824 336 defuit.
880 298 1010 346 Itaque
1025 298 1267 348 Sysigambis‚
1289 301 1301 321 ‘
1315 296 1429 344 Rex‚'

262 351 394 398 inquit,
417 355 425 370 ‘
445 351 595 388 mereris
622 359 665 390 ut
683 364 727 388 ea
744 364 935 401 precemur
953 352 1033 397 tibi,
1050 365 1144 401 quae
1164 352 1282 389 Dario
1300 357 1432 390 nostro

266 403 454 454 quondam
481 410 653 454 precatae
679 418 825 443 sumus:
856 411 906 450 et,
934 411 978 443 ut
995 405 1115 452 video,
1143 406 1280 455 dignus
1298 418 1337 443 es
1365 406 1432 455 qui

264 462 411 496 tantum
439 469 563 507 regem
591 472 668 497 non
693 459 870 497 felicitate
888 459 1005 496 solum
1033 459 1097 496 sed
1115 459 1227 497 etiam
1246 459 1434 509 aequitate

264 511 502 561 superaveris.
561 513 618 549 Tu
637 512 786 562 quidem
804 518 958 550 matrem
979 525 1039 549 me
1057 517 1096 550 et
1112 513 1279 562 reginam
1297 526 1431 558 vocas;

264 566 330 603 sed
349 578 418 615 ego
435 578 494 602 me
512 571 613 604 tuam
631 566 805 603 famulam
833 578 911 603 esse
930 567 1121 604 confiteor.
1176 565 1230 604 Et
1255 567 1433 617 praeteri-

265 626 327 658 tae
353 620 524 658 fortunae
551 620 737 669 fastigium
768 620 883 669 capio,
914 626 952 657 et
969 620 1173 669 praesentis
1193 619 1328 669 jugum
1354 621 1434 670 pati

268 686 430 723 possum.
488 674 569 711 Tua
595 674 764 719 interest,
792 679 971 722 quantum
988 673 1028 710 in
1055 686 1122 710 nos
1149 673 1306 719 licuerit,
1335 674 1366 711 si
1392 674 1431 711 id

266 727 391 776 potius
405 727 601 765 clementia
620 740 729 777 quam
750 728 901 764 saevitia
920 727 975 764 vis
993 740 1071 764 esse
1089 725 1294 765 testatum.>
1347 727 1433 765 Rex

266 782 406 818 bonum
435 781 596 818 animum
627 782 764 818 habere
782 794 842 818 eas
856 780 990 830 jussit·,
1018 781 1127 818 Darii
1153 781 1289 818 deinde
1315 780 1434 818 filium

269 835 363 872 collo
384 847 449 872 suo
470 835 644 872 admovit.
701 836 829 884 Atque
839 835 934 871 nihil
951 834 1015 871 ille
1029 840 1230 884 conspectu
1249 839 1340 872 tunc
1358 835 1434 884 pri-

268 901 367 925 mum
397 902 418 925 a
437 901 475 925 se
503 889 570 925 visi
598 889 822 926 conterritus
849 888 1027 925 cervicem
1055 887 1132 937 ejus
1159 888 1330 925 manibus
1356 901 1432 926 am-

266 942 452 991 plectitur.
511 942 637 979 Motus
665 955 754 990 ergo
771 955 837 979 rex
856 942 1065 979 constantia
1092 941 1208 991 pueri,
1238 941 1433 991 Hephaes-

266 996 405 1033 tionem
425 996 586 1041 intuens,
609 1000 618 1015 ‘
633 996 756 1041 Quam
774 994 928 1041 vellem,'
946 995 1081 1045 inquit,
1113 998 1122 1015 ‘
1135 995 1274 1033 Darius
1292 995 1435 1045 aliquid

267 1063 311 1086 ex
329 1050 398 1087 hac
417 1050 543 1086 indole
560 1050 741 1088 hausisset
754 1049 777 1087 1'

320 1102 505 1140 XXXIII.
537 1104 633 1140 Tum
661 1104 901 1141 tabernaculo
926 1107 1107 1151 egressus,
1144 1102 1263 1140 tribus
1295 1103 1368 1140 aris
1393 1103 1437 1140 in

265 1158 344 1207 ripa
365 1157 492 1194 Pinari
520 1158 637 1194 amnis
664 1157 751 1195 Jovi
771 1163 882 1207 atque
910 1156 1068 1193 Herculi
1086 1156 1348 1205 Minervaeque
1376 1169 1433 1194 sa·

264 1212 386 1257 cratis,
417 1211 561 1261 Syriam
588 1212 706 1260 petit;
736 1211 973 1255 Damascum,
1003 1210 1065 1247 ubi
1102 1210 1199 1258 regis
1225 1223 1318 1258 gaza
1342 1217 1439 1257 erat,

267 1265 510 1302 Parmenione
529 1266 740 1315 praemisso.
799 1265 860 1302 13.
887 1265 1014 1312 Atque
1024 1264 1055 1301 is
1067 1275 1178 1312 quum
1197 1264 1437 1312 praecessisse

264 1319 372 1356 Darii
391 1327 574 1368 satrapam
602 1319 849 1368 comperisset,
868 1318 1009 1356 veritus
1027 1330 1074 1354 ne
1101 1318 1267 1366 paucitas
1285 1330 1435 1355 suorum

262 1379 508 1422 sperneretur,
548 1386 730 1410 arcessere
758 1373 933 1421 majorem
962 1384 1113 1408 manum
1141 1371 1283 1409 statuit.
1358 1372 1434 1409 Sed

260 1427 356 1463 forte
382 1427 421 1463 in
441 1427 691 1476 exploratores
720 1427 766 1463 ab
794 1439 837 1463 eo
863 1426 1080 1475 praemissos
1117 1424 1250 1462 incidit
1283 1424 1437 1463 natione

262 1481 427 1525 Mardus,
467 1481 540 1529 qui,
571 1481 619 1517 ad
649 1480 933 1517 Parmenionem
970 1478 1182 1528 perductus,
1221 1478 1349 1516 literas
1387 1479 1435 1516 ad

263 1534 520 1571 Alexandrum
542 1548 563 1571 a
582 1534 768 1583 praefecto
797 1533 972 1570 Damasci
992 1532 1121 1569 missas
1139 1531 1256 1569 tradit
1274 1532 1308 1569 ei
1328 1546 1336 1570 :
1366 1544 1436 1570 nec

262 1588 432 1625 dubitare
469 1601 564 1634 eum,
595 1589 684 1637 quin
713 1600 862 1624 ornnem
889 1587 1029 1635 regiam
1058 1585 1322 1635 supellectilem
1351 1599 1434 1623 cum

260 1642 418 1690 pecunia
437 1643 611 1687 traderet,
633 1642 781 1691 adjecit.
840 1640 1045 1684 Parmenio,
1060 1639 1238 1676 asservari
1257 1652 1301 1676 eo
1313 1638 1439 1688 jussor

255 1696 381 1733 literas
401 1696 530 1744 aperit,
551 1696 589 1732 in
610 1697 712 1744 queis
732 1699 809 1732 erat
829 1694 1019 1743 scriptum,
1039 1698 1083 1730 ut
1101 1698 1245 1729 mature
1263 1693 1430 1730 Alexan-

258 1749 324 1786 der
342 1749 500 1798 aliquem
521 1762 566 1786 cx
586 1750 742 1786 ducibus
760 1749 835 1785 suis
863 1749 1030 1785 mitteret
1047 1759 1131 1783 cum
1151 1758 1264 1783 manu
1283 1747 1436 1795 exigua„-

260 1803 391 1852 Itaque
410 1816 447 1840 re
467 1803 627 1851 cognita,
650 1803 834 1847 Mardum,
852 1802 949 1839 datis
969 1800 1174 1844 comitibus,
1196 1800 1244 1836 ad
1263 1800 1431 1849 prodito-

256 1870 334 1893 rem
370 1856 537 1894 remittit.
595 1857 663 1893 Ille
709 1870 729 1894 e
772 1856 942 1892 manibus
978 1853 1266 1891 custodientium
1306 1853 1431 1904 lapsus

255 1910 481 1948 Damascum
503 1916 588 1948 ante
608 1911 727 1947 lucem
745 1910 873 1947 intrat.
930 1908 1162 1945 Turbaverat
1189 1919 1232 1943 ea
1259 1919 1318 1944 res
1337 1907 1428 1945 Par-

255 1964 436 2001 menionis
468 1965 630 2001 animum
667 1964 819 2001 insidias
856 1962 1051 2000 timentis:
1082 1966 1120 1999 et
1155 1961 1329 2009 ignotum
1357 1961 1430 1999 iter

255 2019 333 2055 sine
362 2018 454 2054 duce
482 2032 558 2055 non
577 2018 737 2055 audebat
755 2017 908 2065 ingredi.
966 2015 1152 2053 Felicitati
1176 2020 1303 2052 tamen
1331 2015 1432 2064 regis

253 2072 309 2108 sui
339 2072 507 2117 confisus,
546 2077 709 2121 agrestes
738 2072 801 2121 qui
828 2071 941 2108 duces
967 2068 1111 2107 itineris
1152 2073 1276 2106 essent
1307 2069 1428 2118 excipi

243 2125 383 2173 jussit:
415 2127 548 2174 quibus
577 2126 745 2163 celeriter
772 2124 938 2174 repertis,
969 2128 1103 2172 quarto
1131 2122 1192 2159 die
1219 2123 1268 2159 ad
1295 2123 1427 2159 urbem

252 2180 431 2228 pervenit,
443 2179 521 2228 jam
541 2185 732 2217 metuente
745 2178 931 2228 praefecto
949 2189 997 2214 ne
1011 2176 1081 2214 sibi
1097 2176 1190 2213 fides
1204 2176 1332 2214 habita
1350 2188 1426 2212 non

252 2238 359 2270 esset.
417 2231 538 2281 Igitur
574 2233 676 2283 quasi
715 2245 844 2282 parum
873 2230 1113 2268 munimentis
1140 2229 1269 2280 oppidi
1295 2229 1425 2274 fidens,

252 2292 339 2324 ante
366 2286 453 2322 solis
482 2292 605 2324 ortum
635 2286 827 2336 pecuniam
852 2285 991 2334 regiam
1023 2282 1172 2335 [qazam
1200 2283 1335 2321 Persae
1361 2294 1424 2319 vo-

251 2339 354 2391 cant)
375 2352 460 2376 cum
479 2340 752 2390 pretiosissimis
764 2352 887 2376 rerum
903 2338 1022 2376 efferri
1029 2338 1152 2387 jubet,
1167 2337 1293 2386 sugam
1313 2335 1423 2374 simu—-

246 2395 350 2439 lans3
381 2406 520 2442 revera,
536 2400 575 2433 ut
588 2394 763 2444 praedam
783 2394 880 2432 hosti
901 2393 1060 2431 offerret.
