1496 2671
280 169 330 206 28
386 168 579 214 QUINTI
600 167 788 206 CURTII
807 167 940 206 RUFI
959 164 1124 204 LIBER
1144 164 1392 204 TERTIUS.

281 289 363 325 que,
378 276 438 313 cui
452 287 636 313 summum
655 275 849 326 imperium
867 275 1073 314 maritimae
1091 286 1177 311 orae
1194 286 1262 311 rex
1278 272 1444 318 dederat,

282 343 376 367 uxor
395 341 478 366 cum
496 330 573 368 filio
599 335 754 380 excepta
771 334 838 368 est.
895 329 1078 368 Mentoris
1095 327 1192 365 filiae
1210 332 1298 373 tres,
1318 339 1361 365 ac
1377 339 1446 364 no-

280 383 448 421 bilissimi
475 384 580 421 ducis
607 383 819 421 Memnonis
846 383 982 432 conjux
999 387 1038 421 et
1054 382 1151 420 filius
1171 395 1180 419 ε
1209 381 1346 431 vixque
1371 380 1448 418 ulla

285 437 417 474 domus
431 438 626 488 purpurati
638 438 710 477 fuit
723 443 851 476 tantae
862 437 976 474 cladis
991 449 1133 486 expers.
1162 434 1447 473 Lacedaemonii

283 503 428 539 quoque
447 497 485 529 et
503 492 762 537 Athenienses,
782 491 967 529 societatis
985 491 1059 528 fide
1077 490 1225 536 violata,
1245 488 1374 526 Persas
1393 500 1448 526 se-

286 545 384 588 cuti3
415 545 651 595 Aristogiton
679 545 867 595 Dropides
895 549 933 582 et
960 544 1176 594 Iphicrates,
1202 544 1303 581 inter
1330 542 1449 581 Athe-

282 599 427 636 nienses
445 612 581 648 genere
599 600 769 648 famaque
787 600 900 648 longe
915 597 1105 636 clarissimi
1121 611 1128 636 :
1152 597 1447 640 Lacedaemonii,

288 652 493 702 Pausippus
511 660 549 691 et
578 653 897 698 Onomastorides,
917 665 1002 690 cum
1022 651 1190 689 Monimo
1209 656 1247 689 et
1275 650 1451 688 Callicra-

284 706 363 744 tide
382 720 391 744 ε
420 707 447 744 ii
466 720 612 757 quoque
631 708 734 744 domi
749 708 906 745 nobiles.
961 706 1115 748 Summa
1132 705 1311 755 pecuniae
1329 704 1453 753 signa-

285 768 345 797 tae
362 760 444 808 fuit,
465 762 691 800 talentorum
707 762 781 799 duo
801 761 916 798 millia
931 765 969 798 et
987 764 1183 804 sexcenta3
1202 759 1292 797 facti
1310 758 1456 808 argenti

283 815 429 862 pondus
448 816 649 865 quingenta
667 817 860 865 aequabat.
917 814 1125 860 Praeterea,
1153 813 1312 862 triginta
1340 811 1454 849 millia

284 868 487 915 hominum,
501 881 585 906 cum
604 874 744 918 septem
761 869 922 906 millibus
936 868 1191 917 jumentorum
1211 867 1322 905 dorso
1340 878 1453 904 onera

287 923 529 969 portantium,
559 929 664 971 capta
694 927 792 961 sunt.
849 923 1022 961 Ceterum
1051 921 1103 958 dii
1130 926 1259 959 tantae
1284 920 1456 958 fortunae

289 975 516 1023 proditorem
529 977 695 1014 celeriter
714 978 841 1015 debita
857 990 978 1026 poena
995 975 1180 1026 persecuti
1198 979 1299 1012 sunt.
1335 971 1454 1011 Nam-

290 1041 360 1076 que
378 1043 474 1068 unus
494 1043 514 1067 e
529 1033 682 1070 consciis
702 1031 792 1080 ejus,
813 1031 935 1076 credo,
956 1029 1054 1079 regis
1072 1030 1190 1066 vicem
1209 1029 1322 1067 etiam
1336 1027 1377 1064 in
1393 1026 1457 1064 illa

290 1088 388 1120 sorte
407 1086 596 1130 reveritus,
613 1085 801 1124 interfecti
823 1083 1060 1135 [proditoris]
1083 1088 1196 1132 caput
1223 1083 1272 1120 ad
1299 1081 1456 1120 Darium

290 1137 388 1182 tulit,
410 1147 659 1189 opportunum
680 1140 852 1178 solatium
868 1139 1017 1188 prodito
1038 1152 1045 1175 :
1075 1138 1212 1187 quippe
1230 1144 1268 1175 et
1286 1135 1388 1173 ultus
1400 1135 1458 1172 in-

289 1191 448 1229 imicumx
461 1199 552 1238 erat,
583 1201 620 1232 et
638 1194 804 1231 nondum
833 1193 871 1229 in
891 1193 1057 1230 omnium
1086 1191 1218 1229 animis
1244 1188 1459 1227 memoriam

291 1245 494 1293 majestatis
513 1260 600 1285 suae
619 1248 820 1286 exolevisse
840 1247 1026 1284 cernebat.
