1496 2671
185 195 234 230 56
521 192 564 229 C.
596 192 750 230 JULII
780 192 1042 233 CAESARIS

237 298 362 335 XXI.
391 299 615 348 Pugnatum
627 307 684 337 est
698 300 763 338 diu
779 307 892 350 atque
903 302 1052 346 acriter,
1067 314 1185 350 quum
1198 300 1382 348 Sotiates,

183 352 446 401 superioribus
467 354 641 392 victoriis
661 354 766 401 freti,
793 355 833 391 in
853 353 923 392 suit
943 356 1088 393 virtute
1108 355 1227 393 totius
1248 356 1379 404 Aqui-

182 407 297 443 taniae
330 407 492 443 salutem
526 408 689 456 positam
713 414 911 457 putarent;
953 410 1077 446 nostri
1107 416 1247 454 autem,
1282 410 1378 458 quid

182 461 265 497 sine
294 461 525 509 imperatore
556 468 594 498 et
626 461 709 498 sine
728 462 888 510 reliquis
909 463 1136 510 legionibus,
1158 463 1377 500 adolescen-

181 515 264 550 tulo
284 515 381 551 duee
417 515 567 551 efficere
595 522 763 563 possent,
793 516 958 564 perspici
992 523 1194 565 cuperent:
1222 517 1378 554 tandem

183 567 348 605 confecti
386 568 614 605 vulneribus
651 569 779 606 hostes
816 576 926 617 terga
965 576 1129 607 vertere.
1202 569 1379 616 Quorum

183 632 327 667 niagno
347 635 508 659 nurnero
528 622 743 667 interfecto,
768 621 931 660 Crassus
959 635 1010 658 ex
1029 623 1169 660 itinere
1194 624 1378 672 oppidum

187 673 392 712 Sotiatium
415 688 639 724 oppugnare
659 677 788 724 coepit.
848 674 998 722 Quibus
1019 676 1172 713 sortiter
1196 677 1381 714 resisten-

182 729 298 773 tibus,
339 730 472 766 vineas
510 736 716 778 turresque
754 729 848 778 egit.
924 729 1002 775 Illi,
1048 730 1142 767 alias
1175 731 1381 779 eruptione

183 780 343 827 tentata,
376 783 470 820 alias
502 783 693 820 cuniculis
726 784 774 819 ad
808 795 989 832 aggerem
1024 784 1232 831 vineasque
1269 784 1380 828 actis,

183 836 316 887 (cujus
343 837 397 873 rei
430 843 519 873 sunt
547 836 661 885 longe
690 836 915 885 peritissimi
944 837 1148 885 Aquitani,
1177 843 1380 885 propterea

181 891 283 938 quod
304 890 436 927 multis
464 890 559 927 locis
588 890 690 938 apud
712 902 775 926 eos
804 890 951 927 aerariae
978 897 1138 928 secturae
1170 889 1293 940 sunt,)
1315 892 1380 928 ubi

182 944 387 990 diligentia
408 949 625 980 nostrorum
647 943 746 979 nihil
765 943 826 981 his
847 945 962 980 rebus
982 945 1115 992 profici
1134 957 1246 993 posse
1264 945 1381 981 intel·

181 998 373 1041 lexerunt,
393 997 541 1046 legatos
569 997 618 1034 ad
638 996 822 1034 Crassum
841 997 1014 1043 mittunt,
1039 1010 1155 1046 seque
1175 998 1216 1034 in
1236 998 1377 1035 dediti-

182 1064 295 1088 onem
332 1057 374 1087 ut
413 1051 586 1100 recipiat,
624 1057 773 1100 petunt.
834 1048 921 1097 Qus
949 1064 991 1088 re
1018 1049 1239 1101 impetrata,
1276 1051 1400 1090 arma*

183 1106 335 1142 tradere
349 1103 461 1152 jussi,
483 1105 644 1141 faciunt.

236 1158 385 1195 XXII.
415 1159 549 1205 Atque
568 1158 609 1194 in
643 1160 689 1195 ea
725 1170 768 1195 re
787 1159 958 1196 omnium
978 1163 1199 1196 nostrorum
1218 1158 1382 1196 intentis

181 1213 332 1257 animis,
354 1209 499 1249 aliaex
532 1217 642 1261 parte
670 1212 801 1260 oppidi
833 1213 1155 1255 Adeantuannus‚
1186 1212 1254 1261 qui
1273 1225 1378 1250 sum-

180 1279 283 1303 mam
302 1265 453 1315 imperii
487 1266 654 1311 tenebat,
690 1277 779 1302 cum
811 1267 1004 1304 sexcentis
1024 1265 1188 1311 devotis,
1207 1278 1303 1314 quos
1323 1266 1382 1302 illi

184 1319 385 1358 Soldurios
423 1319 629 1369 appellant,
668 1318 852 1369 (quorum
879 1320 961 1357 haec
999 1325 1065 1356 'est
1101 1319 1284 1364 conditio,
1323 1320 1383 1356 uti

181 1374 360 1411 omnibus
397 1373 439 1409 in
478 1373 561 1410 vita
598 1372 808 1409 commodis
845 1386 924 1411 una
960 1386 1047 1411 oum
1086 1372 1147 1409 his
1184 1372 1379 1417 fruantur,

181 1440 347 1476 quorum
387 1437 428 1464 Se
464 1426 644 1463 amicitiae
679 1426 914 1464 dediderint:
943 1427 975 1464 si
1006 1427 1100 1475 quid
1132 1425 1180 1462 iis
1211 1438 1280 1474 per
1299 1426 1380 1463 vim

181 1481 342 1525 accidat,
362 1485 429 1517 aut
449 1480 613 1517 eundem
629 1492 759 1516 casum
781 1493 858 1517 una
876 1482 1018 1526 ferant,
1036 1485 1104 1517 aut.
1122 1479 1197 1516 sibi
1217 1485 1380 1517 mortem

180 1534 436 1572 consciscant:
457 1546 582 1582 neque
611 1533 737 1570 adhuc
766 1533 968 1571 hominum
998 1533 1183 1570 memoria
1201 1540 1383 1582 repertus

181 1594 239 1625 est
279 1588 494 1636 quisquam,
533 1587 601 1635 qui
634 1597 682 1624 eo
711 1587 929 1634 interfecto,
966 1586 1078 1635 cujus
1124 1599 1164 1624 se
1201 1587 1382 1625 amicitiae

180 1642 412 1686 devovisset,
433 1647 598 1678 mortem
626 1646 821 1678 recusaret
829 1639 860 1690 3)
879 1654 967 1678 cum
986 1641 1035 1677 iis
1055 1641 1383 1685 Adeantuannus‚

180 1695 423 1744 eruptionem
451 1694 578 1732 facere
606 1700 778 1740 conatus,
798 1695 964 1732 clamore
993 1695 1040 1731 ab
1060 1691 1105 1732 εὲι
1124 1700 1233 1743 parte
1252 1694 1380 1730 muni—

179 1749 298 1787 tionis
332 1749 494 1794 sublato‚
529 1761 649 1797 quum
682 1748 730 1785 ad
763 1761 870 1786 arma
906 1748 1049 1785 milites
1095 1748 1380 1785 concurrissent

179 1803 507 1851 vehementerque
544 1802 599 1839 ibi
636 1807 853 1851 pugnatum
881 1808 991 1847 esset,
1011 1801 1189 1850 repulsus
1207 1801 1249 1838 in
1268 1801 1378 1850 oppi-

180 1857 285 1902 dum,
306 1862 436 1893 tamen
466 1856 524 1892 uti
552 1853 686 1893 eadem
714 1855 922 1893 deditionis
949 1855 1169 1893 conditione
1189 1860 1382 1900 uteretur,

180 1923 203 1948 a
225 1910 365 1948 Crasso
384 1910 622 1959 impetravit.

234 1964 406 2000 XXIII.
436 1963 572 2001 Armis
610 1962 885 2011 obsidibusque
922 1961 1102 2011 acceptis,
1142 1960 1306 2000 Crassus
1337 1961 1379 1997 in

179 2018 277 2055 fines
315 2016 519 2055 Vocatium
557 2023 596 2055 et
626 2017 876 2054 Tarusatium
908 2015 1104 2065 profectus
1134 2021 1205 2053 est.
1275 2014 1379 2052 Tum

179 2084 274 2108 vero
306 2071 459 2108 barbari
490 2071 682 2116 commoti,
703 2071 806 2119 quod
825 2070 1010 2119 oppidum
1030 2075 1069 2106 et
1087 2066 1228 2106 natura
1247 2068 1321 2105 loci
1341 2074 1380 2105 et

180 2137 297 2162 manu
317 2125 521 2168 munitum,
545 2124 679 2173 paucis
707 2124 842 2161 diebus
870 2123 1009 2171 quibus
1038 2135 1083 2160 eo
1104 2129 1263 2159 ventum
1282 2127 1379 2167 erat,

181 2183 448 2227 expugnatum
470 2183 744 2226 cognoverant,
765 2178 911 2226 legatos
939 2188 1229 2225 quoquoversus
1249 2175 1379 2212 dimit-

179 2238 276 2276 tere,
305 2230 519 2279 conjurare,
554 2231 706 2268 obsides
739 2231 841 2268 inter
870 2241 910 2267 se
941 2231 1044 2275 dare,
1079 2230 1208 2278 copias
1241 2241 1378 2277 parare

180 2291 392 2333 coeperunt.
451 2284 668 2321 Mittuntur
715 2284 830 2321 etiam
869 2284 916 2320 ad
949 2296 1012 2321 eas
1041 2284 1218 2321 civitates
1246 2282 1379 2331 legati,

180 2351 266 2387 quae
285 2343 376 2375 sunt
396 2338 586 2375 citerioris
604 2337 1005 2385 Hispaniae,finitimae
1026 2336 1266 2386 Aquitaniae:
1286 2335 1378 2371 inde

183 2392 329 2429 auxilia
349 2392 540 2440 ducesque
559 2398 817 2428 arcessuntur.
852 2390 1026 2437 Quorum
1047 2392 1216 2428 adventu
1236 2389 1378 2437 magne

183 2458 269 2483 curn
290 2445 514 2483 anctoritate
548 2451 585 2482 et
616 2442 757 2495 magnii
791 2456 879 2482 cum
908 2444 1106 2481 hominum
1127 2441 1381 2480 multitudine
