1496 2671
451 129 614 167 LIBER
646 131 891 169 TERTIUS.
975 145 986 165 ι
1231 131 1252 163 5

87 241 179 278 'naec
196 238 310 277 maria
327 237 625 285 angustissimum
648 238 759 275 Asiae
786 239 946 287 spatium
975 251 1052 275 esse
1081 237 1258 285 comperi-

89 308 181 339 mus,
191 297 349 340 utroque
361 290 401 326 in
416 296 536 328 arctas
550 291 673 328 fauces
693 292 939 340 compellente
953 296 1104 330 terram.
1153 291 1259 335 Quae

87 348 176 397 quia
191 343 398 382 continenti
416 344 604 389 adhaeret,
634 345 699 381 sed
728 358 863 393 magna
891 358 936 381 ex
965 350 1072 394 parte
1098 344 1262 392 cingitur

89 399 271 442 fluctibus,
288 397 445 446 speciem
465 397 606 445 insulae
622 398 774 447 praebet
791 412 798 442 ;
829 411 882 438 ac,
905 399 974 435 nisi
1002 404 1115 436 tenue
1134 397 1263 435 discri—

91 466 175 491 men
200 450 390 500 objiceret,
422 451 548 495 maria,
577 464 671 500 quae
698 464 799 489 nunc
826 452 971 495 dividit,
1000 452 1260 489 connnitteret.

87 505 311 550 Alexander,
351 504 442 541 urbe
470 504 509 541 in
529 518 630 541 suam
659 506 837 542 ditionem
863 505 1024 548 redacta,
1044 505 1150 542 Jovis
1169 512 1262 542 tem-

88 560 188 609 plum
216 558 370 603 intrans,
399 557 621 603 vehiculum,
650 572 724 607 quo
754 558 938 595 Gordium
967 558 1093 595 Midae
1119 564 1261 607 patrem

87 617 235 651 vectum
254 624 332 649 esse
351 612 556 657 constabat,
579 612 735 660 aspexit,
755 612 858 650 cultu
887 612 988 648 haud
1016 624 1104 648 sane
1131 626 1152 648 a
1180 612 1261 648 vili-

84 666 212 704 oribus
230 665 465 714 vulgatisque
482 678 550 702 usu
569 666 782 703 abhorrens.
840 666 1015 703 Notabile
1034 671 1114 702 erat
1126 665 1262 713 juguni

85 720 305 757 adstrictum
332 719 583 767 compluribus
611 720 718 756 nodis
744 719 784 756 in
813 719 1028 768 semetipsos
1054 718 1262 768 implicatis,

85 779 126 811 ct
145 772 351 810 celantibus
369 785 498 809 nexus.
557 772 693 810 Incolis
721 772 857 809 deinde
883 772 1164 816 affirmantibus,
1184 772 1261 808 edi-

89 831 165 864 tam
184 838 262 863 esse
281 825 431 863 oraculo
452 831 599 871 sortem,
622 827 733 863 Asiae
751 827 959 875 potiturum
978 826 1042 875 qui
1061 825 1262 874 inexplica-

92 881 164 917 bile
201 880 388 917 vinculum
426 879 622 924 solvisset3
663 880 798 929 cupido
826 880 976 917 incessit
1004 879 1127 916 animo
1155 879 1263 916 sortis

87 934 169 982 ejus
187 932 407 982 implendae.

145 987 218 1024 ΙΙΙ.
248 986 356 1024 Circa
374 999 500 1034 regem
521 993 601 1024 erat
629 993 666 1024 et
688 986 880 1037 Phrygum
900 987 1010 1024 turba
1029 991 1067 1024 et
1087 986 1262 1023 Macedo-

91 1054 179 1078 num
195 1053 204 1085 ;
233 1040 297 1077 illa
314 1040 573 1089 expectatione
592 1053 779 1089 suspensa,
799 1041 890 1077 haec
909 1041 1067 1077 sollicita
1084 1053 1131 1077 ex
1148 1046 1263 1077 teme-

92 1094 187 1131 raria
213 1094 312 1142 regis
338 1093 485 1130 fiducia.
543 1094 702 1142 Quippe,
732 1094 826 1131 serie
858 1094 1090 1132 vinculorum
1118 1094 1171 1131 ita
1198 1093 1263 1130 ad-

91 1147 230 1191 stricta,
251 1152 305 1192 ut,
326 1147 427 1183 unde
447 1159 564 1183 nexus
582 1148 762 1195 inciperet
781 1161 901 1196 quove
929 1161 968 1185 se
986 1147 1174 1191 conderet.
1197 1159 1265 1183 nec

91 1201 236 1238 ratione
253 1213 322 1238 nec
342 1200 421 1236 visu
451 1200 588 1248 percipi
616 1208 751 1249 posset,
780 1201 921 1238 solvere
949 1214 1144 1250 aggressus
1172 1200 1263 1248 inje-

89 1262 191 1292 cerat
207 1267 347 1300 curam,
376 1266 423 1290 ne
449 1254 488 1289 in
517 1266 625 1290 omen
654 1260 861 1292 verteretur
888 1255 1033 1292 irritum
1062 1254 1264 1303 inceptum.

93 1309 160 1345 Ille
178 1320 411 1357 nequaquam
430 1307 493 1344 diu
513 1307 675 1344 luctatus
694 1320 777 1344 cum
795 1308 998 1345 latentibus
1018 1308 1125 1344 nodis
1141 1321 1149 1351 ς
1171 1313 1180 1330 ⁶
1198 1307 1266 1343 Ni—

91 1361 165 1407 hil,'
202 1360 335 1410 inquit,
365 1360 542 1398 ‘interest
578 1362 764 1409 quomodo
799 1362 992 1400 solvantur
1008 1361 1028 1403 3'
1065 1361 1265 1410 gladioque

93 1416 211 1464 ruptis
230 1414 402 1452 omnibus
421 1414 519 1459 loris,
542 1415 680 1451 oraculi
709 1420 844 1453 sortem
873 1416 931 1452 vel
959 1415 1081 1459 elusit,
1111 1414 1168 1451 vel
1196 1415 1265 1450 im—

93 1468 219 1518 plevit.
275 1468 369 1505 Cum
390 1467 526 1504 deinde
545 1467 714 1514 Darium,
731 1469 943 1517 ubicunque
962 1474 1069 1514 esset,
1084 1481 1265 1517 occupare

90 1522 306 1566 statuissem
335 1527 379 1558 ut
406 1534 427 1557 a
464 1528 571 1570 tergo
609 1528 692 1559 tuta
721 1522 957 1571 relinqueret,
987 1522 1263 1571 Amphoterum

91 1576 199 1612 classi
219 1575 264 1612 ad
286 1587 386 1612 oram
415 1574 663 1623 Hellesponti,
693 1576 807 1624 copiis
835 1582 958 1613 autern
985 1576 1162 1625 pracfecit
1187 1575 1266 1612 He-

90 1629 298 1677 gelochum,
319 1628 482 1665 Lesbum
502 1634 540 1666 et
561 1629 696 1665 Chium
716 1637 754 1667 et
775 1629 856 1666 Con
884 1629 1076 1678 praesidiis
1103 1630 1265 1667 hostium

91 1683 324 1720 liberaturos.
380 1681 454 1718 His
473 1682 614 1719 talenta
633 1683 680 1718 ad
700 1682 787 1719 belli
806 1696 914 1719 usum
934 1684 1141 1732 quingenta
1159 1682 1265 1720 attri-

93 1738 194 1774 buta.
250 1735 314 1772 Ad
326 1735 581 1784 Antipatrum,
598 1743 636 1773 et
655 1748 717 1773 eos
732 1737 796 1785 qui
812 1736 974 1774 Graecas
988 1737 1098 1774 urbes
1110 1737 1267 1774 tueban-

94 1797 166 1835 tur,
183 1793 359 1827 sexcenta
375 1789 495 1826 missa.
554 1789 612 1826 Ex
630 1789 778 1827 foedere
797 1803 909 1827 naves
928 1791 1036 1828 sociis
1053 1791 1266 1851 imperatae,

93 1857 189 1893 quae
215 1843 464 1891 Hellesponto
492 1843 757 1892 praesiderent.
814 1844 995 1881 Nondum
1022 1844 1119 1880 enim
1147 1843 1267 1880 Mem-

97 1910 193 1934 nona
211 1897 287 1934 vita
307 1896 504 1933 excessisse
522 1903 761 1945 cognoveiat,
788 1897 827 1933 in
856 1910 965 1946 quem
992 1910 1118 1934 omnes
1146 1897 1269 1934 inten-

94 1951 202 1989 derat
228 1963 361 1988 curas·
354 1979 362 1994 ,
393 1950 481 1987 satis
508 1963 658 1999 gnarus,
688 1956 822 1988 cuncta
850 1951 887 1987 in
916 1951 1091 1999 expedito
1117 1942 1207 1995 fore,
1238 1951 1268 1987 si

94 2004 188 2040 nihil
224 2005 271 2041 ab
297 2013 342 2041 eo
367 2009 591 2041 moveretur.
645 2004 805 2052 Jamque
841 2005 887 2041 ad
920 2005 1050 2042 urbem
1077 2005 1268 2054 Ancyram

96 2062 249 2094 ventum
267 2062 357 2102 erat,
378 2058 442 2094 ubi
460 2070 616 2094 numero
642 2058 831 2106 copiarum
858 2058 953 2095 inito
971 2057 1266 2107 Paphlagoniam

98 2113 224 2148 intrat.
279 2110 381 2148 Huic
393 2110 516 2159 juncti
534 2116 641 2148 erant
661 2111 785 2156 Eneti,
806 2111 906 2148 unde
931 2111 1081 2160 quidam
1100 2111 1267 2148 Venetos

97 2164 245 2202 trahere
262 2164 443 2212 originem
461 2164 644 2209 credunt3
675 2166 867 2214 omnisque
894 2166 985 2202 haec
1012 2165 1116 2213 regio
1144 2163 1267 2214 paruit

97 2218 178 2266 regi
194 2232 201 2255 :
233 2217 403 2266 datisque
421 2218 621 2263 obsidibus,
638 2219 821 2256 tributum
843 2219 959 2268 (quod
978 2232 1025 2256 ne
1046 2219 1168 2255 Persis
1187 2217 1268 2266 qui-

97 2272 183 2309 dem
215 2270 404 2320 tulissent)
439 2271 600 2319 pendere
637 2284 683 2309 ne
711 2279 933 2321 cogerentur
960 2273 1267 2322 impetraverunt.

99 2325 208 2363 Calas
226 2324 313 2361 huic
331 2325 474 2373 regioni
492 2326 721 2373 praepositus
750 2333 829 2364 est:
858 2327 947 2376 ipse,
978 2326 1175 2375 assumptis
1204 2325 1264 2374 qui

96 2393 143 2416 ex
162 2377 382 2416 Macedonia
402 2390 520 2426 nuper
538 2378 775 2425 advenerant,
799 2380 1070 2429 Cappadociam
1093 2379 1211 2428 petiit.

639 2445 716 2480 A2
