1496 2671
339 142 530 191 QUINTI
559 142 748 181 CURTII
777 143 920 181 RUFI.
1157 143 1206 183 37

52 256 140 290 runt
156 265 164 289 :
193 256 240 299 et,
261 265 343 290 cum
360 262 531 300 magnam
550 250 624 287 vim
641 251 744 288 venti
761 251 841 289 vela
858 263 1005 301 quoque
1021 251 1206 301 concepis-

53 311 146 352 sent,
176 306 342 344 celeriter
369 305 417 342 ad
443 304 577 341 molem
606 305 790 342 successit.
847 305 966 352 Tunc,
993 317 1102 355 prora
1127 304 1204 354 ejus

51 371 212 406 accensa,
231 359 389 408 remiges
401 357 568 396 desiliere
585 358 624 394 in
639 358 801 407 scaphas,
823 370 914 406 quae
933 359 979 396 ad
997 360 1068 396 hoc
1085 358 1202 408 ipsum

51 417 288 462 praeparatae
315 413 589 462 sequebantur:
619 412 722 448 navis
750 419 886 458 autem,
905 412 988 460 igne
1014 417 1206 463 concepto,

50 466 160 504 latius
177 465 333 504 fundere
349 465 561 503 incendium
581 466 702 515 coepit
721 478 730 510 3
760 465 870 513 quod,
891 466 1099 514 priusquam
1120 479 1203 516 pos-

49 524 107 556 set‘
118 520 271 566 occurri,
291 525 412 558 turres
430 524 468 557 et
487 526 609 557 cetera
635 531 746 568 opera
763 519 802 555 in
822 519 941 568 capite
961 519 1066 556 molis
1084 521 1205 569 posita

49 573 344 622 comprehendit.
410 573 465 611 At
501 573 562 621 qui
598 573 810 610 desilierant
835 572 874 609 in
902 585 1016 622 parva
1044 574 1203 623 navigia,

46 626 152 672 faces,
181 631 218 664 ct
246 627 421 677 quidquid
459 627 592 664 alendo
623 626 702 675 igni
732 632 859 675 aptum
892 632 983 670 erat,
1010 627 1049 662 in
1077 628 1205 664 eadem

41 692 151 729 opera
168 680 358 730 ingerunt>
412 680 570 728 Jamque
588 692 663 717 non
678 680 787 717 modo
802 679 1048 717 Macedonum
1067 685 1200 722 turres,

44 733 109 771 sed
128 733 238 772 etiam
258 747 399 772 summa
413 734 578 772 tabulata
604 742 848 782 conceperant
865 733 990 782 ignem
1009 746 1018 778 ;
1048 746 1159 781 quum
1179 736 1205 771 ii

45 787 106 835 qui
124 787 164 824 in
183 788 346 825 turribus
366 793 471 825 erant
498 788 632 837 partim
659 787 896 825 haurirentur
915 787 1099 833 incendio,
1118 801 1201 838 par-

44 841 124 886 tim,
145 842 254 879 armis
282 842 433 886 omissis,
454 842 492 878 in
512 853 611 878 mare
631 840 814 890 semetipsi
841 841 1094 879 immitterent.
1150 842 1204 881 At

44 894 159 944 Tyrii,
180 896 242 943 qui
257 908 386 945 capere
399 908 461 932 eos
474 907 582 942 quam
596 895 802 932 interficere
813 895 977 940 mallent,
993 896 1200 933 natantium

42 961 172 985 manus
200 949 387 999 stipitibus
414 949 582 996 saxisque
618 949 841 993 lacerabant,
871 948 988 985 donec
1016 949 1200 988 debilitati

42 1003 193 1051 impune
229 1003 385 1051 navigiis
413 1002 530 1051 excipi
556 1007 717 1051 possent.
774 1002 853 1039 Nec
886 1002 1059 1039 incendio
1086 1003 1204 1040 solum

41 1068 152 1104 opera
188 1061 404 1105 consumpta
423 1070 431 1100 3
471 1055 534 1092 sed
561 1055 657 1093 forte
693 1055 821 1093 eodem
858 1055 918 1092 die
953 1057 1205 1095 vehementior

39 1116 171 1147 ventus
190 1117 332 1147 motum
347 1122 393 1146 ex
410 1108 595 1159 profundo
609 1121 710 1145 mare
723 1109 825 1146 illisit
836 1109 875 1145 in
887 1109 1030 1156 molem,
1047 1111 1201 1148 crebris—

40 1175 110 1211 que
145 1162 318 1200 fluctibus
346 1175 540 1212 compages
568 1162 687 1212 operis
714 1163 927 1200 verberatae
954 1176 993 1200 se
1018 1165 1199 1210 laxavere,

39 1227 199 1264 saxaque
212 1216 414 1254 interluens
442 1216 543 1252 unda
570 1216 731 1252 medium
751 1229 841 1265 opus
868 1217 979 1266 rupit.
1036 1216 1203 1256 Prorutis

38 1270 154 1319 igitur
171 1269 335 1319 lapidum
350 1270 515 1315 cumulis,
531 1269 662 1318 quibus
674 1269 809 1318 injecta
822 1275 921 1307 terra
940 1271 1201 1317 sustinebatur,

37 1335 210 1373 praeceps
237 1324 276 1360 in
303 1323 527 1373 profundum
553 1324 629 1361 ruit
646 1327 882 1371 :·tantaeque
907 1324 1012 1361 molis
1038 1324 1100 1362 vix
1128 1326 1202 1363 ulla

39 1377 195 1426 vestigia
212 1378 354 1415 invenit
373 1377 512 1414 Arabia
529 1377 675 1414 rediens
694 1377 918 1415 Alexander.

90 1432 178 1469 XII.
208 1431 295 1476 Hic,
316 1431 414 1479 quod
441 1431 480 1467 in
500 1431 661 1468 adversis
679 1432 789 1467 rebus
809 1431 902 1468 solet
928 1431 1018 1477 fieri,
1041 1431 1133 1469 alius
1160 1435 1198 1469 in

38 1485 149 1522 alium
168 1485 313 1534 culpam
331 1484 524 1529 referebat,
554 1496 666 1532 quum
685 1497 811 1521 omnes
826 1485 946 1522 verius
973 1485 1020 1522 de
1047 1487 1198 1524 saevitia

37 1539 145 1576 maris
173 1539 276 1588 queri
295 1544 458 1588 possent.
512 1538 598 1575 Rex
616 1538 702 1574 novi
720 1538 840 1587 operis
868 1538 1001 1576 molem
1020 1552 1135 1586 orsus,
1156 1542 1195 1577 in

33 1593 227 1631 adversum
245 1598 396 1630 ventum
425 1604 500 1628 non
526 1592 653 1637 latere,
683 1591 747 1629 sed
775 1596 876 1629 recta
902 1591 1024 1630 fronte
1043 1593 1191 1632 direxit.

34 1646 89 1684 Ea
108 1652 232 1684 cetera
250 1658 374 1695 opera,
395 1645 496 1683 velut
516 1646 584 1682 sub
602 1645 681 1694 ipsa
699 1645 865 1690 latentia,
887 1646 1064 1684 tuebatur
1083 1661 1091 1690 ;
1113 1648 1196 1686 lati-

34 1701 200 1737 tudinem
227 1711 371 1749 quoque
389 1699 515 1748 aggeri
535 1699 679 1747 adjecit,
701 1704 743 1736 ut
761 1704 881 1736 turres
899 1700 940 1736 in
957 1701 1078 1737 medio
1097 1714 1196 1739 erec—

32 1760 93 1791 tae
111 1754 240 1803 procul
257 1753 323 1790 teli
336 1752 440 1802 jactu
461 1753 642 1790 abessent.
673 1752 787 1790 Totas
805 1757 930 1790 autem
945 1754 1092 1791 arbores
1113 1768 1197 1792 cum

31 1808 245 1857 ingentibus
263 1807 373 1843 ramis
388 1807 427 1843 in
447 1806 562 1844 altum
576 1806 775 1855 jaciebant,
797 1805 931 1844 deinde
951 1808 1048 1844 saxis
1067 1820 1198 1845 onera—

33 1862 152 1906 bant3
181 1873 308 1898 rursus
336 1860 482 1897 cumulo
509 1873 637 1897 eorum
665 1860 753 1896 alias
781 1861 928 1897 arbores
955 1860 1194 1909 injiciebant:

30 1926 110 1952 tum
127 1915 260 1952 humus
288 1915 561 1962 aggerebatur;
590 1925 770 1962 superque
797 1913 867 1950 alia
895 1920 996 1951 strue
1022 1928 1194 1953 saxorum

33 1968 276 2016 arborumque
313 1968 509 2013 cumulata,
549 1967 649 2004 velut
682 1967 841 2014 quodam
877 1980 976 2004 nexu
1003 1970 1201 2007 continens·

33 2034 124 2070 opus
137 2021 352 2070 junxerant.
409 2021 488 2058 Nec
509 2021 627 2071 Tyrii,
647 2020 827 2068 quidquid
855 2021 902 2057 ad
921 2021 1196 2070 impediendam

32 2075 166 2112 molem
181 2075 380 2123 excogitari
391 2080 550 2124 poterat,
566 2075 728 2123 segniter
747 2075 1052 2123 exsequebantur.
1086 2076 1194 2114 Prae·

35 2129 184 2178 cipuum
216 2128 393 2165 auxilium
429 2134 518 2174 erat,
549 2129 610 2176 qui
639 2128 767 2177 procul
804 2128 964 2166 hostium
997 2140 1198 2179 conspeetu

34 2183 208 2219 subibant
226 2193 366 2229 aquam,
377 2182 592 2230 occultoque
609 2182 714 2230 lapsu
733 2182 780 2218 ad
800 2182 933 2219 molem
952 2195 1065 2230 usque
1083 2196 1195 2233 pene,-

33 2236 194 2280 trabant‚
231 2235 384 2272 falcibus
415 2236 583 2284 palmites
615 2235 786 2272 arborum
815 2236 1056 2273 eminentium
1082 2238 1129 2273 ad
1158 2251 1197 2274 se

31 2289 245 2327 trahentes:
275 2300 368 2336 quae
385 2289 449 2325 ubi
476 2293 651 2337 sequutae
669 2293 786 2334 erant,
814 2289 987 2338 pleraque
1007 2303 1129 2327 secum
1157 2292 1197 2328 in

31 2342 257 2392 profundum
277 2342 415 2379 dabant
434 2355 443 2386 ;
472 2347 551 2379 tum
570 2343 709 2380 levatos
729 2355 839 2380 onere
859 2344 1000 2392 stipites
1028 2352 1196 2381 truncos-

32 2408 102 2444 que
138 2396 309 2434 arborum
336 2395 435 2433 haud
466 2408 574 2445 aegre
595 2396 874 2485 lmoliebantur:
914 2397 1048 2435 deinde
1077 2402 1197 2435 totum
