1496 2671
178 185 228 221 68
517 181 561 220 C.
592 181 747 221 JULH
778 181 1039 221 CAESARIS

231 290 330 328 XX.
361 287 520 338 Exigua
552 295 662 338 parte
699 290 842 327 aestatis
879 290 1040 339 reliqua,
1080 289 1223 335 Caesar,
1242 290 1314 328 etsi
1335 291 1376 328 in

175 344 237 381 his
256 344 362 388 locis,
383 343 487 392 quod
516 344 640 380 omnis
671 342 801 381 Gallia
831 345 879 381 ad
910 345 1204 393 septemtriones
1234 345 1375 393 vergit,

175 404 338 435 maturae
359 402 452 434 sunt
479 397 635 442 hiemes,
668 402 797 434 tamen
830 398 872 434 in
904 397 1149 435 Britanniam
1183 398 1376 447 proficisci

174 451 389 495 contendit,
408 451 514 499 quod
542 451 721 488 omnibus
749 450 830 488 fere
861 449 1026 488 Gallicis
1052 452 1164 489 bellis
1197 451 1376 488 hostibus

174 505 318 542 nostris
346 505 438 541 inde
471 504 763 542 subministrata
802 505 948 541 auxilia
984 505 1242 554 intelligebat:
1272 512 1323 550 et,
1343 505 1377 542 si

174 564 328 606 tempus
367 558 460 595 anni
495 558 543 594 ad
570 557 716 595 bellum
751 558 967 606 gerendum
1016 558 1210 603 deficeret,
1244 566 1374 596 tamen

174 624 315 660 magno
345 612 420 649 sibi
448 612 536 648 usui
568 611 651 648 fore
683 612 958 655 arbitrabatur,
999 611 1030 647 si
1063 612 1177 649 modo
1208 612 1374 649 insulam

174 666 330 710 adisset,
370 678 494 714 genus
533 665 736 702 hominum
771 664 1045 713 perspexisset,
1092 665 1189 710 loca,
1226 672 1374 714 portus,

173 720 301 756 aditus
320 719 579 768 cognovisset:
611 730 696 766 quae
718 718 846 754 omnia
866 717 947 755 fere
970 716 1095 755 Gallis
1114 725 1225 756 erant
1240 719 1374 767 incog-

174 773 269 809 nita.
327 772 467 821 Neque
488 773 592 810 enim
620 778 767 808 temere
795 778 934 819 praeter
952 778 1185 809 mercatores
1207 772 1274 809 illo
1293 772 1375 809 adit

172 827 391 875 quisquam,
411 838 536 874 neque
555 826 604 861 iis
624 824 717 872 ipsis
743 825 952 872 quidquam
970 831 1114 873 praeter
1133 838 1238 863 oram
1256 825 1375 863 mari-

172 880 306 916 timam
335 886 451 928 atque
479 891 544 916 eas
580 878 770 927 regiones,
808 890 893 926 quae
932 885 1022 915 sunt
1059 885 1192 916 contra
1213 878 1374 925 Gallias,

173 940 309 970 notum
330 940 402 970 est.
459 932 598 981 Itaque
631 931 803 969 evocatis
834 932 882 968 ad
902 944 942 969 se
962 932 1133 980 undique
1151 933 1375 970 mercatori-

173 987 258 1030 bus,
287 998 415 1034 neque
439 993 584 1035 quanta
612 991 713 1022 esset
731 985 868 1022 insulae
886 986 1124 1034 magnitudo,
1146 998 1271 1036 neque
1289 997 1375 1034 quae

173 1046 241 1077 aut
260 1046 414 1088 quantae
435 1040 610 1077 nationes
631 1039 854 1083 incolerent,
871 1051 996 1088 neque
1016 1052 1131 1088 quem
1152 1052 1265 1077 usum
1284 1039 1376 1077 belli

172 1094 372 1138 haberent,
403 1098 471 1131 aut
500 1093 641 1141 quibus
675 1092 865 1129 institutis
898 1099 1113 1138 uterentur,
1151 1106 1279 1142 neque
1307 1093 1374 1142 qui

174 1154 303 1184 essent
321 1147 369 1184 ad
388 1145 579 1195 majorum
594 1146 754 1182 navium
767 1146 1058 1183 multitudinem
1076 1147 1205 1184 idonei
1226 1153 1373 1196 portus,

173 1202 347 1250 reperire
366 1206 529 1250 poterat.

229 1254 350 1292 XXI.
381 1254 449 1290 Ad
481 1254 563 1291 haee
596 1253 872 1302 cognoscenda,
905 1252 1131 1301 priusquam
1158 1252 1374 1302 periculum

173 1307 332 1352 faceret,
361 1308 543 1345 idoneum
576 1319 658 1343 esse
691 1306 902 1343 arbitratus
935 1305 979 1343 C.
1009 1306 1265 1352 Volusenum,
1286 1319 1373 1344 cum

174 1362 266 1398 navi
305 1359 422 1410 longa
458 1360 672 1409 praemittit.
731 1359 836 1396 Huic
869 1360 1038 1403 mandat,
1073 1360 1128 1396 uti
1162 1360 1374 1408 exploratis

174 1415 353 1452 omnibus
386 1414 502 1451 rebus
537 1414 585 1450 ad
619 1426 659 1451 se
689 1425 804 1461 quam
839 1413 1006 1461 primum
1025 1419 1260 1450 revertatur:
1288 1414 1373 1462 ipse

173 1481 262 1505 cum
282 1468 461 1505 omnibus
477 1467 597 1515 copiis
619 1467 659 1502 in
680 1464 856 1502 Morinos
875 1467 1149 1515 proficiscitur,
1163 1467 1267 1516 quod
1281 1467 1373 1504 inde

175 1528 257 1559 erat
276 1521 530 1558 brevissimus
550 1521 590 1556 in
604 1519 849 1556 Britanniam
869 1519 1114 1568 transjectus.
1145 1520 1235 1557 Huc
1255 1533 1373 1558 naves

174 1575 344 1624 undique
356 1587 406 1612 ex
420 1574 596 1611 finitimis
611 1573 834 1622 regionibus
848 1580 884 1609 et
899 1587 1014 1622 quam
1027 1574 1224 1622 superiore
1237 1579 1371 1611 aestate

173 1629 221 1666 ad
243 1629 475 1666 Veneticum
495 1627 639 1664 bellum
659 1627 803 1663 fecerat
832 1627 1002 1671 classem,
1017 1626 1132 1674 jubet
1150 1627 1370 1665 convenire.

172 1682 348 1726 Interim,
371 1682 530 1719 consilio
551 1680 633 1728 ejus
653 1680 808 1729 cognito
828 1686 866 1716 et
887 1693 955 1728 per
973 1687 1204 1718 mercatores
1225 1681 1372 1729 perlato

172 1736 223 1773 ad
242 1736 464 1780 Britannos,
486 1748 508 1772 a
536 1734 800 1782 compluribus
820 1732 904 1781 ejus
922 1734 1058 1771 insulae
1078 1734 1302 1771 civitatibus
1321 1735 1370 1771 ad

174 1802 263 1826 eum
282 1789 401 1838 legati
422 1789 595 1832 veniunt,
620 1788 686 1836 qui
702 1787 955 1835 polliceantur
974 1787 1126 1824 obsides
1145 1788 1236 1825 dare
1255 1794 1372 1836 atque

172 1843 335 1892 imperio
354 1842 487 1891 populi
514 1841 680 1878 Romani
708 1841 983 1888 obtemperare.
1042 1839 1194 1886 Quibus
1213 1841 1369 1886 auditis,

171 1895 384 1933 liberaliter
402 1895 597 1945 pollicitus
617 1895 933 1942 hortatusque,ut
947 1894 987 1930 in
1006 1891 1051 1932 ea
1070 1891 1262 1931 sententia
1281 1906 1369 1942 per-

171 1956 384 1994 manerent,
406 1962 470 1986 eos
489 1949 644 1986 domum
678 1948 842 1984 remittit
881 1953 919 1984 et
956 1960 1044 1984 cum
1073 1947 1135 1985 his
1157 1960 1232 1984 una
1252 1945 1369 1985 Com-

171 2004 304 2047 mium,
343 2016 457 2052 quem
494 2003 588 2051 ipse,
625 2001 883 2038 Atrebatibus
915 1999 1122 2050 superatis,
1152 2013 1282 2049 regem
1313 2001 1370 2038 ibi

172 2057 436 2101 constituerat,
458 2056 569 2103 eujus
589 2061 627 2092 et
640 2055 827 2091 virtutem
843 2060 881 2091 et
899 2054 1104 2091 consilium
1123 2055 1311 2103 probabat
1330 2061 1370 2091 et

171 2122 287 2158 quem
320 2109 391 2146 sibi
425 2109 577 2146 fidelem
598 2108 870 2152 arbitrabatur,
896 2107 1084 2156 cujusque
1103 2108 1312 2145 auctoritas
1328 2108 1368 2144 in

169 2165 219 2200 iis
240 2163 462 2212 regionibus
478 2162 607 2211 magni
626 2162 851 2206 habebatur,
873 2161 1006 2198 mittit.
1065 2161 1171 2199 Huic
1190 2162 1369 2210 imperat,

171 2229 266 2264 quas
287 2216 404 2265 possit
425 2216 535 2253 adeat
568 2215 747 2251 civitates
780 2215 1044 2263 horteturque,
1076 2222 1119 2251 ut
1140 2215 1270 2264 populi
1291 2214 1368 2251 Ro-

170 2270 276 2307 mani
308 2270 424 2307 fidem
459 2274 681 2317 sequantur,
717 2279 832 2315 seque
866 2268 1043 2305 celeriter
1081 2280 1126 2305 eo
1159 2275 1368 2305 venturum

170 2323 341 2361 nunciet.
380 2322 614 2366 Volusenus,
637 2321 848 2370 perspectis
868 2322 1104 2370 regionibus,
1126 2327 1313 2370 quantum
1332 2319 1367 2357 ei

169 2376 365 2415 facultatis
385 2375 467 2413 dari
487 2375 625 2425 potuit,
658 2375 725 2423 qui
757 2374 847 2411 navi
879 2375 1011 2425 egredi
1044 2388 1088 2413 ac
1119 2387 1160 2412 se
1193 2373 1367 2412 barbaris
