1496 2671
190 246 243 281 48
530 242 574 280 C.
603 242 758 280 JULII
787 242 1047 282 CAESARIS

184 355 422 388 commeatus
459 351 678 399 supportari
715 350 934 388 interclusis
970 349 1176 387 itineribus
1212 354 1380 398 possent,

186 417 308 453 prope
330 403 413 452 jam
434 402 636 452 desperata
654 403 789 448 salute,
818 404 1016 441 nonnullae
1048 403 1268 452 hujusmodi
1293 415 1382 440 sen·

185 459 318 495 tentiae
351 458 589 502 dicebantur,
610 464 654 494 ut
680 457 966 505 impedimentis
991 457 1149 502 relictis,
1179 457 1382 506 eruptione

186 509 301 554 facta,
321 511 457 547 iisdem
478 511 682 548 itineribus
696 511 837 559 quibus
857 523 902 548 eo
918 511 1198 559 pervenissent,
1213 512 1261 547 ad
1280 510 1382 552 salu-

186 571 265 602 tem
303 565 592 602 contenderent.
652 564 794 613 Majori
826 569 952 604 tamen
981 564 1084 612 parti
1117 564 1275 612 placuit,
1309 564 1382 601 hoc

186 624 383 655 reservato
415 618 464 655 ad
493 625 711 656 extremuni
744 618 915 662 consilio,
936 617 1094 654 interim
1113 618 1169 655 rei
1199 620 1381 655 eventum

165 669 168 672 ’
185 672 372 720 experiri,
393 678 431 709 et
448 679 574 709 castra
593 671 813 709 defendere.

240 725 315 763 IV.
346 725 467 763 Brevi
496 726 621 774 spatio
650 723 865 772 interjecto,
892 723 963 760 vix
985 729 1029 760 ut
1055 723 1115 760 his
1137 724 1268 769 rebus,
1286 736 1382 773 quas

186 779 487 824 constituissent,
508 778 738 816 collocandis
757 783 873 826 atque
892 777 1208 814 administrandis
1229 783 1383 826 tempus

185 833 355 877 daretur,
376 833 506 870 hostes
525 845 575 869 ex
595 831 772 868 omnibus
791 830 978 879 partibus,
999 831 1110 879 signo
1129 831 1230 876 dato,
1247 831 1383 868 decur-

185 898 284 930 rere,
304 886 451 935 lapides
470 897 648 934 gaesaque
667 885 707 921 in
727 884 873 921 vallum
888 883 1094 932 conjicere:
1115 884 1238 921 nostri
1256 884 1382 933 primo

186 939 350 988 integris
370 939 520 976 viribus
539 938 693 975 sortiter
707 950 939 986 repugnare,
953 950 1078 986 neque
1098 937 1220 974 ullum
1239 936 1384 975 frustra

187 993 306 1029 telum
327 1005 378 1029 ex
397 993 478 1030 1000
498 992 695 1041 superiore
709 992 880 1028 mittere:
896 996 940 1027 ut
958 1003 1119 1040 quaeque
1135 1003 1224 1040 pars
1238 996 1384 1029 castro-

185 1059 273 1083 rum
293 1046 437 1083 nudata
456 1046 723 1084 defensoribus
741 1045 866 1093 premi
883 1044 1100 1089 videbatur,
1118 1057 1163 1081 eo
1181 1056 1384 1082 occurrere

185 1106 225 1137 et
255 1100 446 1137 auxilium
469 1099 587 1137 ferre:
613 1100 680 1136 sed
705 1099 776 1136 hoc
799 1098 984 1147 superari,
1006 1098 1110 1147 quod
1128 1098 1385 1136 diuturnitate

186 1166 327 1203 pugnae
357 1154 486 1190 hostes
517 1152 657 1190 defessi
688 1153 820 1201 praelio
850 1152 1101 1197 excedebant,
1129 1151 1195 1188 alii
1220 1152 1384 1201 integris

186 1208 336 1244 viribus
365 1208 636 1244 succedebant:
665 1219 830 1255 quarum
857 1218 987 1243 rerum
1010 1218 1032 1243 a
1054 1205 1197 1242 nostris
1224 1211 1384 1254 propter

185 1261 419 1309 paucitatem
438 1260 524 1298 fieri
552 1260 650 1296 nihil
679 1265 840 1307 poterat,
861 1271 906 1296 ac
928 1271 1005 1296 non
1030 1259 1143 1295 modo
1162 1259 1313 1296 defesso
1333 1272 1384 1296 ex

184 1326 318 1364 pugna
353 1314 577 1358 excedendi,
617 1314 683 1351 sed
720 1326 768 1350 ne
807 1313 934 1350 saucio
971 1312 1127 1360 quidem
1167 1311 1250 1360 ejus
1295 1313 1381 1357 loci,

188 1369 252 1405 ubi
276 1368 514 1413 constiterat,
535 1366 780 1416 relinquendi
808 1378 852 1403 ac
886 1366 946 1403 sui
977 1365 1191 1414 recipiendi
1220 1365 1385 1403 facultas

186 1422 365 1459 dabatur.

239 1475 291 1512 V.
324 1473 453 1520 Quum
467 1473 548 1522 jam
569 1473 735 1522 amplius
755 1473 860 1510 horis
880 1485 950 1509 sex
969 1472 1214 1510 continenter
1232 1474 1383 1521 pugna-

185 1534 305 1573 retur,
327 1540 371 1565 ac
391 1541 467 1564 non
497 1528 620 1565 solum
648 1527 761 1572 vires,
783 1527 850 1564 sed
878 1526 996 1564 etiam
1023 1525 1101 1563 tela
1127 1526 1271 1563 nostris
1289 1527 1383 1564 defi-

185 1589 319 1620 cerent
337 1588 453 1630 atque
473 1582 603 1618 hostes
622 1581 748 1618 acrius
776 1580 979 1623 instarent,
1000 1579 1385 1628 languidioribusque

185 1636 328 1673 nostris
357 1636 501 1672 vallum
531 1635 706 1672 scindere
734 1640 773 1672 et
800 1633 922 1671 fossas
950 1634 1142 1681 complere
1165 1633 1383 1682 coepissent,

185 1702 324 1738 resque
352 1695 453 1726 esset
484 1688 568 1736 jam
600 1689 648 1725 ad
682 1694 899 1725 extremum
936 1687 1122 1735 perducta.
1159 1699 1302 1732 casum,
1336 1687 1382 1724 P.

189 1743 348 1780 Sextius
380 1742 560 1786 Baculus,
608 1741 796 1790 primipili
833 1740 1020 1785 centurio,
1060 1752 1175 1787 quem
1212 1740 1384 1778 Nervico

185 1797 320 1845 proelio
349 1796 609 1844 compluribus
637 1795 855 1832 confectum
883 1793 1111 1830 vulneribus
1139 1793 1321 1845 diximus,
1345 1800 1384 1830 ct

184 1851 279 1887 item
311 1849 355 1887 C.
386 1849 620 1894 Volusenus,
650 1849 831 1885 tribunus
861 1847 1039 1891 militum,
1072 1847 1134 1883 vir
1166 1853 1206 1884 et
1232 1847 1384 1884 consilii

185 1903 317 1952 magni
346 1909 385 1940 et
414 1903 583 1945 virtutis,
614 1902 663 1939 ad
693 1901 859 1939 Galbam
887 1906 1107 1945 accurrunt,
1128 1905 1243 1948 atque
1266 1912 1383 1937 unam

185 1970 270 1995 esse
289 1969 396 2005 spem
425 1957 561 1994 salutis
580 1956 729 2000 docent,
751 1956 783 1992 si
804 1954 1006 2003 eruptione
1034 1951 1138 1991 facta
1165 1961 1384 1990 extremum

186 2010 378 2048 auxilium
399 2010 686 2059 experirentur.
741 2009 880 2057 Itaque
907 2007 1127 2045 convocatis
1147 2007 1384 2044 centurioni-

186 2065 270 2109 bus,
291 2064 468 2101 celeriter
487 2063 629 2100 milites
648 2063 831 2100 certiores
850 2061 953 2105 facit,
968 2060 1177 2109 paullisper
1192 2060 1385 2098 intermit-

186 2123 314 2155 terent
342 2117 533 2165 proelium,
555 2129 598 2153 ac
618 2115 882 2153 tantummodo
909 2115 987 2152 tela
1015 2114 1131 2151 missa
1159 2114 1386 2163 exciperent

187 2183 303 2219 seque
323 2183 371 2207 ex
391 2170 522 2207 labore
550 2171 768 2207 reficerent:
797 2174 883 2218 post
911 2169 1000 2205 dato
1028 2168 1140 2216 signo
1168 2180 1220 2205 ex
1247 2167 1384 2205 castris

186 2229 436 2272 erumperent
472 2230 588 2271 atque
630 2235 781 2260 onmem
827 2234 935 2271 spem
972 2222 1109 2258 salutis
1155 2221 1196 2258 in
1238 2220 1385 2258 virtute

188 2283 388 2326 ponerent.

241 2331 314 2368 VI.
348 2329 459 2375 Quod
474 2328 575 2377 jussi
589 2336 678 2366 sunt
690 2329 848 2375 faciunt,
870 2341 914 2366 ac
929 2328 1057 2366 subito
1071 2328 1250 2365 omnibus
1262 2327 1384 2376 portis

187 2384 390 2434 eruptione
419 2380 521 2420 sacta
548 2395 674 2430 neque
702 2383 969 2431 cognoscendi,
996 2381 1088 2430 quid
1117 2382 1238 2425 fieret,
1258 2391 1384 2427 neque

188 2439 250 2475 sui
287 2436 493 2485 colligendi
530 2437 706 2474 hostibus
743 2436 966 2473 facultatem
1009 2435 1247 2483 relinquunt.
1321 2432 1383 2469 Ita

188 2493 421 2529 commutata
442 2488 609 2535 fortuna,
631 2503 706 2535 cos,
727 2491 792 2537 qui
813 2491 852 2526 in
873 2502 979 2538 spem
1008 2488 1282 2537 potiundorum
1301 2498 1382 2523 cas-
