1496 2671
477 151 767 190 AGRICOLAE
799 151 944 189 VITA.
1255 150 1305 189 25

119 274 234 312 grave
251 261 350 299 inter
369 261 520 306 otiosos,
540 259 623 297 aliis
641 260 845 298 virtutibus
863 263 1101 309 temperaret,
1125 259 1305 308 tranquil-

118 316 266 354 litatem
278 319 390 363 atque
404 313 522 352 otium
539 313 689 363 penitus
702 314 819 359 auxit,
828 314 932 352 cultu
946 313 1128 360 modicus,
1137 325 1308 351 sermone

118 369 248 416 facilis,
261 380 338 405 uno
357 372 423 406 aut
442 367 784 415 alterobamicorum
805 367 1005 405 comitatus
1021 381 1030 405 z
1052 367 1147 405 adeo
1166 374 1209 404 ut
1227 366 1307 416 ple-

119 423 236 472 rique,
263 421 398 470 quibus
425 433 582 469 magnos
614 420 715 457 viros
752 433 819 469 per
847 420 1094 458 ambitionem
1122 420 1308 457 aestimare

119 488 200 512 mos
226 478 294 518 est,
324 475 405 511 viso
440 479 666 524 aspectoque
699 473 889 522 Agricola,
920 479 1130 523 quaererent
1157 474 1307 519 famam,

117 528 225 576 pauci
242 528 593 577 interpretarentur.

172 581 280 618 XLI.
312 581 455 618 Crebro
474 594 541 630 per
569 593 632 618 eos
659 580 739 617 dies
767 581 870 630 apud
890 581 1154 619 Domitianum
1175 581 1309 618 absens

118 640 325 680 accusatus,
347 636 480 672 absens
499 634 691 672 absolutus
710 638 767 672 est
787 647 796 671 ε
827 646 937 672 causa
965 635 1120 684 periculi
1142 646 1220 671 non
1239 634 1307 671 cri-

119 701 206 725 men
234 688 366 734 ullum,
396 693 463 726 aut
489 688 642 737 querela
669 687 1017 736 laesi'cujusquam3
1049 689 1115 725 sed
1141 688 1310 725 infensus

116 741 322 780 virtutibus
340 742 524 790 princeps,
546 750 584 779 et
603 741 724 790 gloria
742 741 824 787 viri,
846 754 889 778 ac
917 741 1117 790 pessimum
1137 741 1308 778 inimico-

117 807 200 832 rum
228 807 360 844 genus,
390 795 600 832 laudantes.
658 793 710 832 Et
738 807 781 831 ea
800 795 970 833 insecuta
989 801 1076 832 sunt
1095 794 1309 844 reipublicae

117 853 300 898 tempora,
330 861 412 897 quae
432 848 533 885 sileri
559 848 780 896 Agricolam
800 861 878 885 non
897 849 1088 885 sinerent:
1119 853 1178 886 tot
1205 857 1311 885 exer-

116 901 213 940 citus
238 902 279 938 in
307 902 440 939 Moesia
468 901 673 950 Daciaque,
713 906 751 939 et
789 901 995 938 Germania
1023 901 1306 949 Pannoniaque,

119 955 331 993 temeritate
358 960 425 993 aut
451 968 519 1004 per
545 955 735 1004 ignaviam
763 955 901 992 ducum
931 955 1094 999 amissa;
1125 960 1184 993 tot
1211 955 1309 991 mili-

117 1014 218 1046 tares
244 1009 315 1045 viri
343 1021 426 1045 cum
457 1014 515 1046 tot
544 1009 761 1046 cohortibus
781 1008 990 1057 expugnati
1017 1015 1055 1046 et
1083 1009 1207 1058 capti:
1238 1021 1308 1045 nec

112 1062 193 1110 jam
212 1062 260 1099 de
278 1062 398 1099 limite
416 1062 564 1112 imperii
583 1067 622 1100 et
635 1063 728 1111 ripa,
743 1063 808 1100 sed
824 1063 871 1099 de
884 1062 1051 1099 hibernis
1064 1062 1250 1110 legionum
1271 1068 1310 1099 et

116 1116 349 1166 possessione
364 1116 591 1153 dubitatum.
640 1116 708 1154 Ita'
718 1129 802 1153 cum
819 1117 957 1153 damna
971 1116 1119 1153 damnis
1134 1115 1308 1153 continu-

117 1174 283 1214 arentur,
305 1174 417 1217 atque
436 1170 555 1206 omnis
575 1182 697 1206 annus
724 1170 919 1207 funeribus
947 1175 986 1207 et
1005 1169 1173 1206 cladibus
1192 1169 1307 1218 insig-

116 1222 274 1268 niretur,
295 1224 519 1271 poscebatur
545 1235 610 1260 ore
629 1223 733 1272 vulgi
752 1223 831 1260 dux
851 1223 1030 1272 Agricola
1050 1237 1058 1260 :
1090 1236 1310 1272 comparan-

117 1276 217 1313 tibus
245 1276 391 1314 cunctis
418 1276 594 1323 vigorem,
624 1278 888 1322 constantiam,
918 1284 957 1315 et
985 1282 1183 1326 expertum
1201 1277 1308 1314 bellis

116 1329 295 1374 animum,
317 1342 402 1366 cum
419 1329 556 1366 inertia
583 1334 622 1366 et
647 1329 846 1366 formidine
866 1343 1006 1368 eorum.
1066 1330 1214 1375 Quibus
1233 1343 1309 1367 ser-

117 1382 289 1419 monibus
305 1383 393 1420 satis
408 1387 557 1420 constat
572 1382 783 1420 Domitiani
799 1396 944 1432 quoque
960 1396 1067 1420 aures
1082 1384 1309 1427 verberatas,

118 1436 210 1472 dum
238 1436 400 1485 optimus
428 1436 581 1484 quisque
609 1436 827 1474 libertorum
850 1449 976 1474 amore
995 1443 1033 1475 et
1054 1437 1140 1482 fide,
1160 1438 1310 1486 pessimi

120 1489 356 1538 malignitate
392 1495 430 1528 et
458 1490 587 1533 livore,
617 1502 777 1539 pronum
816 1491 1065 1527 deterioribus
1102 1491 1309 1540 principem

121 1543 425 1581 exstimulabant.
484 1543 545 1580 Sic
557 1542 740 1592 Agricola
755 1544 863 1580 simul
880 1544 955 1580 suis
970 1544 1184 1588 virtutibus,
1199 1545 1310 1581 simul

120 1596 220 1633 vitiis
238 1596 407 1641 aliorum,
429 1597 468 1633 in
488 1597 605 1646 ipsam
625 1597 783 1645 gloriam
804 1609 970 1646 praeceps
991 1598 1187 1645 agebatur.

174 1649 299 1687 XLII.
328 1650 475 1688 Aderat
497 1651 576 1698 jam
607 1663 741 1696 annus,
769 1663 842 1699 quo
871 1650 1177 1699 proconsulatum
1204 1652 1306 1688 Asiae

119 1707 158 1740 et
176 1703 314 1740 Africae
335 1704 542 1749 sortiretur,
573 1709 611 1741 et
640 1704 762 1741 occiso
792 1704 920 1741 Civica
946 1717 1078 1754 nuper,
1107 1717 1177 1741 nec
1195 1705 1311 1753 Agri-

121 1756 212 1794 colae
228 1756 424 1794 consilium
441 1757 582 1803 deerat,
596 1770 665 1794 nec
678 1757 901 1795 Domitiano
914 1758 1140 1807 exemplum.
1171 1758 1309 1795 Acces-

119 1822 200 1847 sere
214 1810 658 1859 quidam,cogitationum
672 1811 850 1860 principis
864 1811 988 1860 periti,
1002 1812 1077 1860 qui,
1101 1814 1124 1831 “
1138 1811 1311 1849 iturusne

119 1868 217 1901 esset
235 1864 274 1901 in
294 1863 560 1913 provinciam?
578 1864 680 1902 ultro
699 1865 917 1913 Agricolam
936 1865 1238 1913 interrogarent:
1269 1878 1312 1902 ao

119 1917 239 1966 primo
259 1917 440 1955 occultius
461 1921 485 1938 “
499 1914 662 1966 quietem
679 1924 718 1956 et
737 1917 879 1956 otium”
893 1918 1058 1963 laudare,
1075 1931 1163 1955 mox
1184 1922 1207 1939 “
1221 1931 1309 1968 ope-

119 1982 199 2007 ram
219 1982 323 2007 suam
340 1971 382 2007 in
402 1971 647 2020 adprobanda
659 1971 924 2009 excusatione”
939 1972 1072 2009 offerre
1088 1986 1096 2009 :
1117 1976 1308 2021 postremo

120 2035 196 2060 non
210 2023 290 2072 jam
305 2025 464 2071 obscuri,
474 2025 675 2063 suadentes
689 2025 800 2062 simul
815 2030 1083 2074 terrentesque,
1093 2030 1310 2074 pertraxere

120 2077 169 2113 ad
185 2076 467 2115 Domitianum:
487 2079 551 2127 qui
569 2084 721 2128 paratus
736 2079 984 2125 simulatione,
997 2080 1037 2116 in
1053 2080 1308 2128 arrogantiam

121 2131 359 2179 compositus,
374 2135 412 2168 et
426 2132 545 2170 audiit
557 2145 685 2182 preces
697 2133 921 2178 excusantis,
936 2138 985 2178 et,
1001 2145 1085 2170 cum
1103 2133 1307 2177 adnuisset,

121 2183 183 2231 agi
203 2183 272 2220 sibi
288 2184 428 2232 gratias
442 2197 570 2234 passus
590 2191 647 2224 est
663 2200 672 2224 z
694 2199 764 2223 nec.
779 2186 929 2223 erubuit
948 2187 1120 2224 beneficii
1138 2187 1280 2224 invidia
1296 2200 1304 2224 ε

121 2237 295 2273 salarium
324 2242 463 2283 tamen,
484 2240 740 2287 proconsulari
768 2240 918 2277 solitum
939 2240 1076 2286 offerri,
1096 2246 1135 2277 et
1155 2241 1306 2289 quibus-

121 2290 206 2326 dam
228 2303 250 2326 a
269 2291 390 2340 seipso
405 2303 632 2337 concessum,
649 2294 839 2341 Agricolae
855 2306 932 2331 non
945 2294 1052 2331 dedit
1067 2308 1075 2331 :
1098 2294 1176 2331 sive
1191 2294 1308 2331 offen-

122 2355 195 2388 sus,
212 2356 288 2380 nou
304 2344 463 2393 petitum
479 2358 488 2388 ;
510 2345 588 2382 sive
607 2357 656 2382 ex
677 2347 917 2393 conscientia,
934 2360 994 2393 ne,
1008 2347 1109 2395 quod
1125 2343 1306 2391 vetuerat,

122 2397 312 2434 videretur
332 2398 475 2435 emisse.
534 2398 733 2448 Proprium
752 2401 905 2438 humani
925 2401 1067 2448 ingenii
1098 2406 1164 2447 est,
1187 2400 1308 2437 odisse
