1496 2671
271 161 321 200 46
617 163 781 201 LIBER
809 162 1082 209 QUARTUS.

270 270 353 307 dem
375 271 558 308 excidium
586 271 742 320 augurio
759 271 823 309 illo
849 273 1053 322 portendi;
1080 277 1256 318 ceterum,
1285 272 1431 322 pericu-

268 324 345 361 lum
365 337 453 369 esse,
484 337 531 361 ne
556 337 623 363 rex
650 325 783 363 vulnus
810 327 1014 377 acciperet:
1043 327 1171 376 itaque
1198 326 1354 372 monuit,
1382 339 1431 364 ne

267 377 358 426 quid
386 390 430 415 eo
456 378 518 415 die
545 379 736 428 inciperet.
804 379 871 417 Ille
906 393 1128 430 quamquam
1163 393 1277 417 unam
1301 381 1431 418 urbem

266 431 347 477 sibi,
377 445 451 481 quo
486 433 608 470 minus
644 446 793 470 securus
835 436 1050 484 Aegyptum
1082 435 1251 480 intraret,
1282 434 1431 473 obstare

265 497 376 533 aegre
401 486 554 533 ferebat,
583 492 707 525 tamen
739 487 864 536 paruit
895 489 983 534 vati,
1011 488 1233 537 signumque
1259 487 1428 537 receptui

263 539 380 576 dedit,

318 592 442 629 XXV.
471 593 574 631 Hinc
592 593 737 632 animus
765 595 881 633 crevit
900 595 1067 641 obsessis,
1096 596 1307 644 egressique
1323 600 1433 645 porta

263 647 520 685 recedentibus
534 647 698 686 inferunt
717 649 822 698 signa
843 662 851 693 ;
878 649 1154 686 cunctationem
1168 649 1333 687 hostium
1351 648 1430 687 fore

262 713 366 738 suam
392 702 621 739 occasionem
656 703 743 740 rati.
800 702 874 740 Sed
909 703 1030 739 acrius
1057 715 1167 751 quam
1195 703 1426 741 constantius

261 755 441 803 praelium
468 755 661 792 inierunt:
692 757 838 805 quippe,
867 761 910 794 ut
937 756 1184 793 Macedonum
1213 756 1314 804 signa
1350 756 1423 794 cir·

259 809 407 858 cumagi
435 808 572 854 videre,
601 816 754 859 repente
781 810 918 848 sistunt
954 810 1126 858 gradum.
1196 809 1354 860 Jamque
1382 809 1429 846 ad

261 875 386 911 regem
414 863 673 912 praeliantium
700 863 837 900 clamor
857 868 1088 913 pervenerat,
1116 877 1230 913 quum
1250 863 1430 901 denunci-

260 917 313 953 ati
333 916 487 965 periculi
501 917 600 953 haud
621 929 709 953 sane
728 930 879 963 memor,
896 917 1046 954 loricam
1065 922 1203 962 tamen,
1219 930 1329 966 quam
1347 929 1432 954 raro

261 969 454 1015 induebat,
483 970 608 1007 amicis
637 971 827 1008 orantibus
855 971 1023 1020 sumpsit,
1042 976 1080 1009 et
1107 971 1154 1008 ad
1174 971 1293 1020 prima
1319 970 1428 1019 signa

261 1024 442 1072 pervenit.
518 1024 605 1069 Quo
634 1032 832 1074 conspecto
861 1025 981 1062 Arabs
1010 1024 1158 1074 quidam
1189 1024 1298 1061 Darii
1325 1024 1430 1061 miles

259 1077 377 1126 majus
395 1078 546 1115 fortuna
564 1091 630 1114 sua
647 1078 790 1115 facinus
810 1092 931 1124 ausus,
953 1079 1084 1128 clypeo
1101 1078 1269 1127 gladium
1287 1083 1432 1127 tegens,

259 1132 364 1179 quasi
384 1131 577 1180 transfuga
596 1132 754 1180 genibus
773 1133 870 1181 regis
890 1133 1102 1170 advolvitur
1121 1146 1129 1169 :
1158 1132 1222 1169 ille
1239 1143 1434 1180 assurgere

260 1185 476 1235 supplicem,
503 1185 690 1235 recipique
708 1187 806 1224 inter
833 1199 917 1223 suos
939 1186 1062 1235 jussit.
1121 1187 1176 1223 At
1193 1185 1319 1235 gladio
1347 1186 1432 1222 bar·

260 1239 371 1276 barus
409 1247 561 1277 strenue
589 1240 627 1275 in
655 1240 828 1278 dextram
856 1240 1048 1285 translato,
1079 1240 1258 1277 cervicem
1284 1240 1428 1289 appetit

259 1293 357 1342 regis
375 1307 383 1330 :
414 1294 489 1342 qui,
513 1293 654 1342 ‚exigua
674 1295 837 1342 corporis
855 1294 1105 1331 declinatione
1124 1293 1263 1331 evitato
1280 1293 1372 1338 ictu,
1390 1293 1432 1330 in

259 1359 396 1384 vanum
423 1360 573 1384 manum
601 1347 747 1384 barbari
774 1347 913 1397 lapsam
942 1351 1112 1396 amputat
1129 1346 1268 1395 gladio,
1289 1347 1433 1384 denun·

258 1401 357 1438 ciato
384 1401 423 1437 in
450 1400 557 1437 illum
577 1400 674 1437 diem
703 1401 881 1450 periculo,
911 1407 954 1438 ut
982 1401 1233 1438 arbitrabatur
1255 1401 1346 1450 ipse,
1368 1401 1432 1437 de·

259 1455 420 1492 functus.
478 1454 564 1499 Sed,
585 1460 628 1491 ut
643 1455 786 1504 opinor,
807 1455 1022 1492 inevitabile
1038 1460 1094 1492 est
1112 1454 1254 1498 fatum3
1276 1453 1425 1503 quippe,

256 1508 350 1545 dum
367 1508 467 1546 inter
486 1508 663 1557 primores
683 1509 891 1558 promptius
910 1509 1073 1553 dimicat,
1087 1508 1224 1557 sagitta
1237 1508 1336 1546 ictus
1349 1513 1406 1546 est
1422 1521 1432 1545 ;

256 1575 369 1612 quam
387 1575 453 1611 per
471 1562 619 1599 loricam
640 1562 820 1607 adactam,
852 1568 1012 1600 stantem
1030 1561 1070 1598 in
1088 1562 1244 1599 humero
1267 1561 1433 1599 medicus

260 1616 339 1665 ejus
354 1615 548 1665 Philippus
563 1616 699 1653 evellit.
755 1616 942 1653 Plurimus
957 1616 1093 1653 deinde
1111 1615 1263 1665 sanguis
1280 1627 1432 1652 manare

258 1670 407 1719 coepit;
436 1669 607 1706 omnibus
626 1669 777 1715 territis,
798 1670 885 1719 quia
912 1682 1103 1718 nunquam
1130 1673 1206 1706 tam
1225 1669 1301 1707 alte
1319 1681 1431 1718 pene-

259 1729 376 1761 trasse
412 1723 540 1768 telum,
574 1723 688 1760 lorica
725 1724 908 1769 obstante,
938 1727 1203 1771 cognoverant.
1259 1722 1354 1772 Ipse,
1383 1734 1432 1759 ne

261 1778 335 1815 oris
353 1777 504 1826 quidem
523 1777 645 1814 colore
664 1781 819 1823 mutato,
849 1777 1027 1826 supprimi
1053 1776 1273 1825 sanguinem
1291 1780 1330 1813 et
1346 1775 1429 1812 vul-

261 1844 330 1869 nus
353 1831 510 1880 obligari
523 1830 647 1879 jussit.
703 1830 782 1867 Diu
801 1837 890 1868 ante
902 1831 982 1879 ipsa
993 1830 1110 1879 signa,
1127 1830 1186 1867 vel
1200 1829 1431 1867 dissimulato

262 1885 319 1922 vel
339 1885 437 1923 victo
453 1884 591 1930 dolore,
605 1884 835 1934 perstiterat;
857 1897 971 1934 quum
990 1896 1205 1934 suppressus
1216 1883 1328 1933 paulo
1342 1888 1431 1921 ante

261 1939 412 1988 sanguis
440 1938 710 1976 medicamento
736 1951 886 1975 manare
912 1938 1023 1975 latius
1050 1937 1200 1987 coepit:
1231 1941 1270 1974 et
1294 1937 1431 1974 vulnus

262 1993 362 2042 quod
379 2005 508 2030 recens
535 1992 657 2029 adhuc
675 1992 841 2029 dolorem
868 2004 943 2028 non
971 1997 1148 2036 moverat,
1168 1990 1330 2039 frigente
1347 2002 1432 2028 san—

260 2047 385 2095 guine,
405 2046 597 2084 intumuit.
655 2046 792 2094 Linqui
810 2045 946 2083 deinde
959 2045 1081 2082 animo
1094 2050 1132 2082 et
1143 2043 1313 2082 submitti
1330 2056 1431 2093 genu

262 2101 408 2148 coepit;
439 2112 547 2148 quem
566 2099 725 2148 proximi
744 2105 937 2148 exceptum
964 2099 1004 2135 in
1032 2103 1153 2135 castra
1177 2103 1426 2147 receperunt:

263 2159 301 2191 et
322 2154 436 2197 Betis,
453 2153 688 2190 interfectum
702 2157 817 2199 ratus,
834 2153 962 2189 urbem
982 2164 1094 2189 ovans
1113 2150 1269 2190 victoria
1281 2151 1432 2201 repetit.

316 2207 459 2244 XXVI.
489 2206 546 2244 At
572 2206 798 2251 Alexander,
832 2206 1000 2243 nondum
1034 2209 1232 2255 percurato
1263 2205 1428 2249 vulnere,

262 2273 449 2309 aggerem,
470 2272 543 2309 quo
562 2260 749 2297 moenium
768 2259 1004 2297 altitudinem
1023 2265 1210 2308 aequaret,
1223 2258 1430 2301 exstruxit;

266 2319 305 2352 et
322 2314 491 2364 pluribus
511 2314 691 2351 cuniculis
707 2326 832 2350 muros
850 2313 978 2350 subrui
995 2313 1120 2362 jussit.
1176 2311 1364 2362 Oppidani
1382 2310 1430 2348 ad

267 2368 463 2418 pristinum
480 2367 670 2415 fastigium
697 2367 885 2404 moenium
904 2379 1043 2404 novum
1069 2370 1284 2404 exstruxere
1310 2364 1433 2401 muni-

266 2427 458 2465 mentum3
498 2420 562 2458 sed
603 2432 651 2458 ne
688 2420 728 2458 id
765 2421 914 2470 quidem
942 2426 1064 2460 turres
1090 2418 1219 2469 aggeri
1244 2418 1434 2467 impositas
