<?xml version="1.0" encoding="UTF-8"?>
<!DOCTYPE html PUBLIC "-//W3C//DTD XHTML 1.0 Transitional//EN"
    "http://www.w3.org/TR/xhtml1/DTD/xhtml1-transitional.dtd">
<html xmlns="http://www.w3.org/1999/xhtml" xml:lang="en" lang="en">
 <head>
  <title>
</title>
<meta http-equiv="Content-Type" content="text/html;charset=utf-8" />
  <meta name='ocr-system' content='tesseract 3.04.00' />
  <meta name='ocr-capabilities' content='ocr_page ocr_carea ocr_par ocr_line ocrx_word'/>
</head>
<body>
  <div class='ocr_page' id='page_1' title='image "./curriculumlatinu01mont_0188.png"; bbox 0 0 1496 2671; ppageno 0'>
   <div class='ocr_carea' id='block_1_1' title="bbox 134 225 988 266">
    <p class='ocr_par' dir='ltr' id='par_1_1' title="bbox 134 225 988 266">
     <span class='ocr_line' id='line_1_1' title="bbox 134 225 988 266; baseline 0 0"><span class='ocrx_word' id='word_1_1' title='bbox 134 229 184 266; x_wconf 78' lang='lat'>38</span> <span class='ocrx_word' id='word_1_2' title='bbox 470 226 516 265; x_wconf 77' lang='lat' dir='ltr'>G.</span> <span class='ocrx_word' id='word_1_3' title='bbox 546 226 700 265; x_wconf 76' lang='lat' dir='ltr'>dULII</span> <span class='ocrx_word' id='word_1_4' title='bbox 730 225 988 266; x_wconf 80' lang='lat' dir='ltr'>CAESARIS</span> 
     </span>
    </p>
   </div>
   <div class='ocr_carea' id='block_1_2' title="bbox 133 334 1330 2525">
    <p class='ocr_par' dir='ltr' id='par_1_2' title="bbox 133 334 1326 480">
     <span class='ocr_line' id='line_1_2' title="bbox 133 334 1326 384; baseline -0.002 -12"><span class='ocrx_word' id='word_1_5' title='bbox 133 336 326 372; x_wconf 79' lang='lat' dir='ltr'>toritatem</span> <span class='ocrx_word' id='word_1_6' title='bbox 347 334 449 383; x_wconf 86' lang='lat' dir='ltr'>apud</span> <span class='ocrx_word' id='word_1_7' title='bbox 469 346 600 372; x_wconf 86' lang='lat' dir='ltr'>omnes</span> <span class='ocrx_word' id='word_1_8' title='bbox 619 334 760 384; x_wconf 81' lang='lat' dir='ltr'>Belgas</span> <span class='ocrx_word' id='word_1_9' title='bbox 788 335 1135 384; x_wconf 83' lang='lat' dir='ltr'>amplificaturum:</span> <span class='ocrx_word' id='word_1_10' title='bbox 1163 345 1326 383; x_wconf 86' lang='lat' dir='ltr'>quorum</span> 
     </span>
     <span class='ocr_line' id='line_1_3' title="bbox 133 388 1326 437; baseline -0.002 -11"><span class='ocrx_word' id='word_1_11' title='bbox 133 388 290 426; x_wconf 78' lang='lat' dir='ltr'>auxiliis</span> <span class='ocrx_word' id='word_1_12' title='bbox 310 394 423 435; x_wconf 80' lang='lat' dir='ltr'>atque</span> <span class='ocrx_word' id='word_1_13' title='bbox 443 388 593 437; x_wconf 86' lang='lat' dir='ltr'>opibus,</span> <span class='ocrx_word' id='word_1_14' title='bbox 609 388 640 425; x_wconf 88' lang='lat' dir='ltr'>si</span> <span class='ocrx_word' id='word_1_15' title='bbox 660 401 736 437; x_wconf 84' lang='lat' dir='ltr'>qua</span> <span class='ocrx_word' id='word_1_16' title='bbox 756 388 854 426; x_wconf 87' lang='lat' dir='ltr'>bella</span> <span class='ocrx_word' id='word_1_17' title='bbox 873 389 1091 434; x_wconf 78' lang='lat' dir='ltr'>inciderint,</span> <span class='ocrx_word' id='word_1_18' title='bbox 1110 395 1326 426; x_wconf 86' lang='lat' dir='ltr'>sustentare</span> 
     </span>
     <span class='ocr_line' id='line_1_4' title="bbox 133 442 366 480; baseline -0.009 0"><span class='ocrx_word' id='word_1_19' title='bbox 133 442 366 480; x_wconf 73' lang='lat' dir='ltr'>consuerint.</span> 
     </span>
    </p>

    <p class='ocr_par' dir='ltr' id='par_1_3' title="bbox 133 494 1330 1400">
     <span class='ocr_line' id='line_1_5' title="bbox 187 494 1328 544; baseline 0.001 -13"><span class='ocrx_word' id='word_1_20' title='bbox 187 494 278 531; x_wconf 79' lang='lat' dir='ltr'>XV.</span> <span class='ocrx_word' id='word_1_21' title='bbox 311 494 440 532; x_wconf 77' lang='lat' dir='ltr'>Caesar</span> <span class='ocrx_word' id='word_1_22' title='bbox 458 495 613 532; x_wconf 88' lang='lat' dir='ltr'>honoris</span> <span class='ocrx_word' id='word_1_23' title='bbox 634 495 819 532; x_wconf 84' lang='lat' dir='ltr'>Divitiaei</span> <span class='ocrx_word' id='word_1_24' title='bbox 841 502 956 544; x_wconf 87' lang='lat' dir='ltr'>atque</span> <span class='ocrx_word' id='word_1_25' title='bbox 975 496 1194 533; x_wconf 87' lang='lat' dir='ltr'>AEduorum</span> <span class='ocrx_word' id='word_1_26' title='bbox 1211 497 1328 533; x_wconf 67' lang='lat' dir='ltr'>causa</span> 
     </span>
     <span class='ocr_line' id='line_1_6' title="bbox 134 549 1325 597; baseline 0 -12"><span class='ocrx_word' id='word_1_27' title='bbox 134 561 216 585; x_wconf 80' lang='lat' dir='ltr'>sese</span> <span class='ocrx_word' id='word_1_28' title='bbox 248 561 311 585; x_wconf 87' lang='lat' dir='ltr'>eos</span> <span class='ocrx_word' id='word_1_29' title='bbox 330 549 370 584; x_wconf 91' lang='lat' dir='ltr'>in</span> <span class='ocrx_word' id='word_1_30' title='bbox 397 549 509 585; x_wconf 88' lang='lat' dir='ltr'>fidem</span> <span class='ocrx_word' id='word_1_31' title='bbox 537 555 780 597; x_wconf 83' lang='lat' dir='ltr'>recepturum</span> <span class='ocrx_word' id='word_1_32' title='bbox 809 555 847 585; x_wconf 89' lang='lat' dir='ltr'>et</span> <span class='ocrx_word' id='word_1_33' title='bbox 872 556 1187 586; x_wconf 78' lang='lat' dir='ltr'>conservaturum</span> <span class='ocrx_word' id='word_1_34' title='bbox 1209 549 1325 586; x_wconf 82' lang='lat' dir='ltr'>dixit:</span> 
     </span>
     <span class='ocr_line' id='line_1_7' title="bbox 133 599 1328 651; baseline 0.001 -12"><span class='ocrx_word' id='word_1_35' title='bbox 133 601 198 639; x_wconf 80' lang='lat' dir='ltr'>sed</span> <span class='ocrx_word' id='word_1_36' title='bbox 232 602 333 650; x_wconf 87' lang='lat' dir='ltr'>quod</span> <span class='ocrx_word' id='word_1_37' title='bbox 366 609 447 639; x_wconf 87' lang='lat' dir='ltr'>erat</span> <span class='ocrx_word' id='word_1_38' title='bbox 479 601 615 639; x_wconf 87' lang='lat' dir='ltr'>civitas</span> <span class='ocrx_word' id='word_1_39' title='bbox 646 599 787 650; x_wconf 67' lang='lat' dir='ltr'>magna</span> <span class='ocrx_word' id='word_1_40' title='bbox 816 602 918 638; x_wconf 89' lang='lat' dir='ltr'>inter</span> <span class='ocrx_word' id='word_1_41' title='bbox 937 602 1078 651; x_wconf 80' lang='lat' dir='ltr'>Belgas</span> <span class='ocrx_word' id='word_1_42' title='bbox 1098 603 1328 640; x_wconf 84' lang='lat' dir='ltr'>auctoritate</span> 
     </span>
     <span class='ocr_line' id='line_1_8' title="bbox 133 655 1327 704; baseline 0.001 -12"><span class='ocrx_word' id='word_1_43' title='bbox 133 663 249 704; x_wconf 77' lang='lat' dir='ltr'>atque</span> <span class='ocrx_word' id='word_1_44' title='bbox 286 656 486 693; x_wconf 87' lang='lat' dir='ltr'>hominum</span> <span class='ocrx_word' id='word_1_45' title='bbox 523 655 773 692; x_wconf 79' lang='lat' dir='ltr'>multitudine</span> <span class='ocrx_word' id='word_1_46' title='bbox 809 657 1027 704; x_wconf 77' lang='lat' dir='ltr'>praestabat,</span> <span class='ocrx_word' id='word_1_47' title='bbox 1070 656 1141 694; x_wconf 85' lang='lat' dir='ltr'>DC</span> <span class='ocrx_word' id='word_1_48' title='bbox 1175 656 1327 694; x_wconf 88' lang='lat' dir='ltr'>obsides</span> 
     </span>
     <span class='ocr_line' id='line_1_9' title="bbox 133 709 1328 758; baseline 0 -12"><span class='ocrx_word' id='word_1_49' title='bbox 133 709 322 758; x_wconf 79' lang='lat' dir='ltr'>poposcit.</span> <span class='ocrx_word' id='word_1_50' title='bbox 381 709 454 746; x_wconf 89' lang='lat' dir='ltr'>His</span> <span class='ocrx_word' id='word_1_51' title='bbox 487 709 640 745; x_wconf 86' lang='lat' dir='ltr'>traditis</span> <span class='ocrx_word' id='word_1_52' title='bbox 670 709 925 757; x_wconf 85' lang='lat' dir='ltr'>omnibusque</span> <span class='ocrx_word' id='word_1_53' title='bbox 955 709 1072 746; x_wconf 88' lang='lat' dir='ltr'>armis</span> <span class='ocrx_word' id='word_1_54' title='bbox 1106 722 1157 747; x_wconf 83' lang='lat' dir='ltr'>ex</span> <span class='ocrx_word' id='word_1_55' title='bbox 1185 710 1328 758; x_wconf 90' lang='lat' dir='ltr'>oppido</span> 
     </span>
     <span class='ocr_line' id='line_1_10' title="bbox 134 761 1328 812; baseline 0 -12"><span class='ocrx_word' id='word_1_56' title='bbox 134 763 296 808; x_wconf 81' lang='lat' dir='ltr'>collatis,</span> <span class='ocrx_word' id='word_1_57' title='bbox 318 763 366 800; x_wconf 89' lang='lat' dir='ltr'>ab</span> <span class='ocrx_word' id='word_1_58' title='bbox 387 775 430 800; x_wconf 89' lang='lat' dir='ltr'>eo</span> <span class='ocrx_word' id='word_1_59' title='bbox 449 763 531 799; x_wconf 78' lang='lat' dir='ltr'>loeo</span> <span class='ocrx_word' id='word_1_60' title='bbox 551 762 589 798; x_wconf 86' lang='lat' dir='ltr'>in</span> <span class='ocrx_word' id='word_1_61' title='bbox 617 763 712 799; x_wconf 82' lang='lat' dir='ltr'>fines</span> <span class='ocrx_word' id='word_1_62' title='bbox 736 761 1021 800; x_wconf 80' lang='lat' dir='ltr'>Ambianorum</span> <span class='ocrx_word' id='word_1_63' title='bbox 1050 763 1239 812; x_wconf 77' lang='lat' dir='ltr'>pervenit,</span> <span class='ocrx_word' id='word_1_64' title='bbox 1260 763 1328 812; x_wconf 86' lang='lat' dir='ltr'>qui</span> 
     </span>
     <span class='ocr_line' id='line_1_11' title="bbox 134 812 1328 865; baseline 0.001 -12"><span class='ocrx_word' id='word_1_65' title='bbox 134 829 174 853; x_wconf 88' lang='lat' dir='ltr'>se</span> <span class='ocrx_word' id='word_1_66' title='bbox 195 828 338 865; x_wconf 87' lang='lat' dir='ltr'>suaque</span> <span class='ocrx_word' id='word_1_67' title='bbox 362 816 490 853; x_wconf 82' lang='lat' dir='ltr'>onmia</span> <span class='ocrx_word' id='word_1_68' title='bbox 516 815 598 852; x_wconf 80' lang='lat' dir='ltr'>sine</span> <span class='ocrx_word' id='word_1_69' title='bbox 624 812 731 852; x_wconf 66' lang='lat' dir='ltr'>mora</span> <span class='ocrx_word' id='word_1_70' title='bbox 756 815 998 853; x_wconf 85' lang='lat' dir='ltr'>dediderunt.</span> <span class='ocrx_word' id='word_1_71' title='bbox 1054 815 1202 853; x_wconf 88' lang='lat' dir='ltr'>Eorum</span> <span class='ocrx_word' id='word_1_72' title='bbox 1231 817 1328 854; x_wconf 87' lang='lat' dir='ltr'>fines</span> 
     </span>
     <span class='ocr_line' id='line_1_12' title="bbox 133 867 1328 919; baseline 0 -12"><span class='ocrx_word' id='word_1_73' title='bbox 133 869 275 907; x_wconf 83' lang='lat' dir='ltr'>Nervii</span> <span class='ocrx_word' id='word_1_74' title='bbox 312 870 571 918; x_wconf 83' lang='lat' dir='ltr'>attingebant:</span> <span class='ocrx_word' id='word_1_75' title='bbox 610 881 774 916; x_wconf 87' lang='lat' dir='ltr'>quorum</span> <span class='ocrx_word' id='word_1_76' title='bbox 812 869 859 905; x_wconf 91' lang='lat' dir='ltr'>de</span> <span class='ocrx_word' id='word_1_77' title='bbox 896 867 1036 907; x_wconf 69' lang='lat' dir='ltr'>natura</span> <span class='ocrx_word' id='word_1_78' title='bbox 1080 871 1328 919; x_wconf 88' lang='lat' dir='ltr'>moribusque</span> 
     </span>
     <span class='ocr_line' id='line_1_13' title="bbox 135 922 1329 971; baseline 0 -11"><span class='ocrx_word' id='word_1_79' title='bbox 135 922 267 960; x_wconf 76' lang='lat' dir='ltr'>Caesar</span> <span class='ocrx_word' id='word_1_80' title='bbox 285 936 404 970; x_wconf 86' lang='lat' dir='ltr'>quum</span> <span class='ocrx_word' id='word_1_81' title='bbox 425 928 625 971; x_wconf 82' lang='lat' dir='ltr'>quaereret,</span> <span class='ocrx_word' id='word_1_82' title='bbox 647 923 701 959; x_wconf 85' lang='lat' dir='ltr'>sic</span> <span class='ocrx_word' id='word_1_83' title='bbox 728 922 959 970; x_wconf 82' lang='lat' dir='ltr'>reperiebat:</span> <span class='ocrx_word' id='word_1_84' title='bbox 989 923 1154 960; x_wconf 88' lang='lat' dir='ltr'>Nullum</span> <span class='ocrx_word' id='word_1_85' title='bbox 1181 923 1329 960; x_wconf 85' lang='lat' dir='ltr'>aditum</span> 
     </span>
     <span class='ocr_line' id='line_1_14' title="bbox 133 975 1330 1026; baseline 0.002 -14"><span class='ocrx_word' id='word_1_86' title='bbox 133 989 217 1013; x_wconf 84' lang='lat' dir='ltr'>esse</span> <span class='ocrx_word' id='word_1_87' title='bbox 236 976 284 1012; x_wconf 86' lang='lat' dir='ltr'>ad</span> <span class='ocrx_word' id='word_1_88' title='bbox 299 988 362 1012; x_wconf 90' lang='lat' dir='ltr'>eos</span> <span class='ocrx_word' id='word_1_89' title='bbox 382 976 674 1013; x_wconf 80' lang='lat' dir='ltr'>mercatoribus:</span> <span class='ocrx_word' id='word_1_90' title='bbox 695 975 792 1012; x_wconf 87' lang='lat' dir='ltr'>nihil</span> <span class='ocrx_word' id='word_1_91' title='bbox 812 977 891 1024; x_wconf 90' lang='lat' dir='ltr'>pati</span> <span class='ocrx_word' id='word_1_92' title='bbox 912 977 994 1013; x_wconf 90' lang='lat' dir='ltr'>vini</span> <span class='ocrx_word' id='word_1_93' title='bbox 1015 977 1330 1026; x_wconf 85' lang='lat' dir='ltr'>reliquarumque</span> 
     </span>
     <span class='ocr_line' id='line_1_15' title="bbox 133 1029 1329 1078; baseline 0.001 -12"><span class='ocrx_word' id='word_1_94' title='bbox 133 1042 263 1066; x_wconf 87' lang='lat' dir='ltr'>rerum</span> <span class='ocrx_word' id='word_1_95' title='bbox 283 1030 330 1066; x_wconf 85' lang='lat' dir='ltr'>ad</span> <span class='ocrx_word' id='word_1_96' title='bbox 349 1029 545 1065; x_wconf 84' lang='lat' dir='ltr'>luxuriam</span> <span class='ocrx_word' id='word_1_97' title='bbox 565 1030 843 1078; x_wconf 80' lang='lat' dir='ltr'>pertinentium</span> <span class='ocrx_word' id='word_1_98' title='bbox 863 1030 1014 1067; x_wconf 87' lang='lat' dir='ltr'>inferri:</span> <span class='ocrx_word' id='word_1_99' title='bbox 1036 1031 1138 1078; x_wconf 90' lang='lat' dir='ltr'>quod</span> <span class='ocrx_word' id='word_1_100' title='bbox 1153 1030 1201 1067; x_wconf 90' lang='lat' dir='ltr'>iis</span> <span class='ocrx_word' id='word_1_101' title='bbox 1214 1031 1329 1068; x_wconf 84' lang='lat' dir='ltr'>rebus</span> 
     </span>
     <span class='ocr_line' id='line_1_16' title="bbox 133 1083 1330 1132; baseline 0.001 -13"><span class='ocrx_word' id='word_1_102' title='bbox 133 1084 426 1132; x_wconf 81' lang='lat' dir='ltr'>relanguescere</span> <span class='ocrx_word' id='word_1_103' title='bbox 445 1083 592 1120; x_wconf 89' lang='lat' dir='ltr'>animos</span> <span class='ocrx_word' id='word_1_104' title='bbox 611 1096 743 1120; x_wconf 85' lang='lat' dir='ltr'>eorum</span> <span class='ocrx_word' id='word_1_105' title='bbox 764 1090 801 1121; x_wconf 85' lang='lat' dir='ltr'>et</span> <span class='ocrx_word' id='word_1_106' title='bbox 820 1084 967 1120; x_wconf 84' lang='lat' dir='ltr'>remitti</span> <span class='ocrx_word' id='word_1_107' title='bbox 986 1084 1170 1121; x_wconf 86' lang='lat' dir='ltr'>virtutem</span> <span class='ocrx_word' id='word_1_108' title='bbox 1194 1084 1330 1121; x_wconf 87' lang='lat' dir='ltr'>existi-</span> 
     </span>
     <span class='ocr_line' id='line_1_17' title="bbox 133 1137 1327 1186; baseline 0.002 -13"><span class='ocrx_word' id='word_1_109' title='bbox 133 1142 301 1181; x_wconf 84' lang='lat' dir='ltr'>1narent3</span> <span class='ocrx_word' id='word_1_110' title='bbox 332 1149 414 1174; x_wconf 87' lang='lat' dir='ltr'>esse</span> <span class='ocrx_word' id='word_1_111' title='bbox 447 1137 621 1174; x_wconf 87' lang='lat' dir='ltr'>homines</span> <span class='ocrx_word' id='word_1_112' title='bbox 641 1137 743 1174; x_wconf 89' lang='lat' dir='ltr'>feros</span> <span class='ocrx_word' id='word_1_113' title='bbox 764 1149 988 1186; x_wconf 67' lang='lat' dir='ltr'>magnaeque</span> <span class='ocrx_word' id='word_1_114' title='bbox 1009 1137 1181 1175; x_wconf 87' lang='lat' dir='ltr'>virtutis:</span> <span class='ocrx_word' id='word_1_115' title='bbox 1201 1138 1327 1175; x_wconf 87' lang='lat' dir='ltr'>inere-</span> 
     </span>
     <span class='ocr_line' id='line_1_18' title="bbox 133 1190 1329 1240; baseline 0.002 -14"><span class='ocrx_word' id='word_1_116' title='bbox 133 1190 258 1239; x_wconf 88' lang='lat' dir='ltr'>pitare</span> <span class='ocrx_word' id='word_1_117' title='bbox 293 1196 407 1238; x_wconf 90' lang='lat' dir='ltr'>atque</span> <span class='ocrx_word' id='word_1_118' title='bbox 440 1191 617 1228; x_wconf 79' lang='lat' dir='ltr'>incusare</span> <span class='ocrx_word' id='word_1_119' title='bbox 647 1191 814 1239; x_wconf 87' lang='lat' dir='ltr'>reliquos</span> <span class='ocrx_word' id='word_1_120' title='bbox 845 1191 1000 1240; x_wconf 81' lang='lat' dir='ltr'>Belgas,</span> <span class='ocrx_word' id='word_1_121' title='bbox 1028 1191 1094 1240; x_wconf 86' lang='lat' dir='ltr'>qui</span> <span class='ocrx_word' id='word_1_122' title='bbox 1123 1203 1163 1228; x_wconf 88' lang='lat' dir='ltr'>se</span> <span class='ocrx_word' id='word_1_123' title='bbox 1187 1191 1329 1240; x_wconf 89' lang='lat' dir='ltr'>populo</span> 
     </span>
     <span class='ocr_line' id='line_1_19' title="bbox 134 1244 1327 1293; baseline 0.001 -13"><span class='ocrx_word' id='word_1_124' title='bbox 134 1244 308 1281; x_wconf 83' lang='lat' dir='ltr'>Romano</span> <span class='ocrx_word' id='word_1_125' title='bbox 337 1244 573 1281; x_wconf 83' lang='lat' dir='ltr'>dedidissent</span> <span class='ocrx_word' id='word_1_126' title='bbox 598 1244 838 1293; x_wconf 86' lang='lat' dir='ltr'>patriamque</span> <span class='ocrx_word' id='word_1_127' title='bbox 858 1244 1043 1281; x_wconf 87' lang='lat' dir='ltr'>virtutem</span> <span class='ocrx_word' id='word_1_128' title='bbox 1061 1244 1327 1293; x_wconf 82' lang='lat' dir='ltr'>projecissent:</span> 
     </span>
     <span class='ocr_line' id='line_1_20' title="bbox 134 1298 1327 1347; baseline 0.002 -14"><span class='ocrx_word' id='word_1_129' title='bbox 134 1298 374 1343; x_wconf 83' lang='lat' dir='ltr'>confirmare,</span> <span class='ocrx_word' id='word_1_130' title='bbox 397 1300 636 1346; x_wconf 70' lang='lat' dir='ltr'>sese&#39;neque</span> <span class='ocrx_word' id='word_1_131' title='bbox 663 1298 809 1346; x_wconf 83' lang='lat' dir='ltr'>legatos</span> <span class='ocrx_word' id='word_1_132' title='bbox 839 1298 1034 1343; x_wconf 79' lang='lat' dir='ltr'>missuros,</span> <span class='ocrx_word' id='word_1_133' title='bbox 1059 1310 1185 1347; x_wconf 88' lang='lat' dir='ltr'>neque</span> <span class='ocrx_word' id='word_1_134' title='bbox 1208 1298 1327 1335; x_wconf 89' lang='lat' dir='ltr'>ullam</span> 
     </span>
     <span class='ocr_line' id='line_1_21' title="bbox 134 1351 777 1400; baseline -0.003 -12"><span class='ocrx_word' id='word_1_135' title='bbox 134 1351 394 1388; x_wconf 83' lang='lat' dir='ltr'>conditionem</span> <span class='ocrx_word' id='word_1_136' title='bbox 414 1351 519 1399; x_wconf 84' lang='lat' dir='ltr'>pacis</span> <span class='ocrx_word' id='word_1_137' title='bbox 539 1357 777 1400; x_wconf 82' lang='lat' dir='ltr'>accepturos.</span> 
     </span>
    </p>

    <p class='ocr_par' dir='ltr' id='par_1_4' title="bbox 133 1403 1329 1978">
     <span class='ocr_line' id='line_1_22' title="bbox 189 1403 1328 1453; baseline 0 -12"><span class='ocrx_word' id='word_1_138' title='bbox 189 1404 308 1441; x_wconf 87' lang='lat' dir='ltr'>XVI.</span> <span class='ocrx_word' id='word_1_139' title='bbox 341 1404 471 1450; x_wconf 83' lang='lat' dir='ltr'>Quum</span> <span class='ocrx_word' id='word_1_140' title='bbox 497 1417 565 1453; x_wconf 87' lang='lat' dir='ltr'>per</span> <span class='ocrx_word' id='word_1_141' title='bbox 593 1418 726 1441; x_wconf 88' lang='lat' dir='ltr'>eorum</span> <span class='ocrx_word' id='word_1_142' title='bbox 752 1405 848 1442; x_wconf 91' lang='lat' dir='ltr'>fines</span> <span class='ocrx_word' id='word_1_143' title='bbox 873 1404 1047 1441; x_wconf 87' lang='lat' dir='ltr'>triduum</span> <span class='ocrx_word' id='word_1_144' title='bbox 1065 1403 1141 1441; x_wconf 86' lang='lat' dir='ltr'>iter</span> <span class='ocrx_word' id='word_1_145' title='bbox 1159 1403 1328 1449; x_wconf 77' lang='lat' dir='ltr'>fecisset,</span> 
     </span>
     <span class='ocr_line' id='line_1_23' title="bbox 133 1457 1328 1506; baseline 0 -12"><span class='ocrx_word' id='word_1_146' title='bbox 133 1458 358 1495; x_wconf 71' lang='lat' dir='ltr'>inveniebat</span> <span class='ocrx_word' id='word_1_147' title='bbox 391 1471 440 1494; x_wconf 86' lang='lat' dir='ltr'>ex</span> <span class='ocrx_word' id='word_1_148' title='bbox 473 1458 648 1506; x_wconf 83' lang='lat' dir='ltr'>captivis,</span> <span class='ocrx_word' id='word_1_149' title='bbox 675 1458 806 1495; x_wconf 84' lang='lat' dir='ltr'>Sabim</span> <span class='ocrx_word' id='word_1_150' title='bbox 839 1457 983 1495; x_wconf 84' lang='lat' dir='ltr'>flumen</span> <span class='ocrx_word' id='word_1_151' title='bbox 1010 1459 1057 1495; x_wconf 83' lang='lat' dir='ltr'>ab</span> <span class='ocrx_word' id='word_1_152' title='bbox 1083 1458 1220 1495; x_wconf 82' lang='lat' dir='ltr'>eastris</span> <span class='ocrx_word' id='word_1_153' title='bbox 1248 1458 1328 1495; x_wconf 86' lang='lat' dir='ltr'>suis</span> 
     </span>
     <span class='ocr_line' id='line_1_24' title="bbox 134 1511 1329 1560; baseline 0.001 -13"><span class='ocrx_word' id='word_1_154' title='bbox 134 1524 211 1548; x_wconf 93' lang='lat' dir='ltr'>non</span> <span class='ocrx_word' id='word_1_155' title='bbox 241 1511 407 1560; x_wconf 87' lang='lat' dir='ltr'>amplius</span> <span class='ocrx_word' id='word_1_156' title='bbox 441 1511 561 1548; x_wconf 88' lang='lat' dir='ltr'>millia</span> <span class='ocrx_word' id='word_1_157' title='bbox 593 1524 775 1559; x_wconf 83' lang='lat' dir='ltr'>passuum</span> <span class='ocrx_word' id='word_1_158' title='bbox 806 1512 939 1549; x_wconf 86' lang='lat' dir='ltr'>decem</span> <span class='ocrx_word' id='word_1_159' title='bbox 967 1512 1115 1549; x_wconf 84' lang='lat' dir='ltr'>abesse:</span> <span class='ocrx_word' id='word_1_160' title='bbox 1148 1517 1256 1549; x_wconf 87' lang='lat' dir='ltr'>trans</span> <span class='ocrx_word' id='word_1_161' title='bbox 1287 1512 1329 1548; x_wconf 89' lang='lat' dir='ltr'>id</span> 
     </span>
     <span class='ocr_line' id='line_1_25' title="bbox 133 1564 1328 1613; baseline 0.001 -12"><span class='ocrx_word' id='word_1_162' title='bbox 133 1565 277 1602; x_wconf 84' lang='lat' dir='ltr'>flumen</span> <span class='ocrx_word' id='word_1_163' title='bbox 314 1577 445 1602; x_wconf 88' lang='lat' dir='ltr'>omnes</span> <span class='ocrx_word' id='word_1_164' title='bbox 483 1564 652 1602; x_wconf 88' lang='lat' dir='ltr'>Nervios</span> <span class='ocrx_word' id='word_1_165' title='bbox 689 1565 906 1603; x_wconf 83' lang='lat' dir='ltr'>consedisse</span> <span class='ocrx_word' id='word_1_166' title='bbox 943 1565 1230 1613; x_wconf 81' lang='lat' dir='ltr'>adventumque</span> <span class='ocrx_word' id='word_1_167' title='bbox 1272 1565 1328 1602; x_wconf 89' lang='lat' dir='ltr'>ibi</span> 
     </span>
     <span class='ocr_line' id='line_1_26' title="bbox 135 1618 1328 1666; baseline 0.002 -12"><span class='ocrx_word' id='word_1_168' title='bbox 135 1618 398 1655; x_wconf 84' lang='lat' dir='ltr'>Romanorum</span> <span class='ocrx_word' id='word_1_169' title='bbox 417 1625 654 1666; x_wconf 81' lang='lat' dir='ltr'>exspectare,</span> <span class='ocrx_word' id='word_1_170' title='bbox 676 1632 754 1655; x_wconf 89' lang='lat' dir='ltr'>una</span> <span class='ocrx_word' id='word_1_171' title='bbox 773 1632 861 1656; x_wconf 86' lang='lat' dir='ltr'>eum</span> <span class='ocrx_word' id='word_1_172' title='bbox 881 1619 1134 1656; x_wconf 82' lang='lat' dir='ltr'>Atrebatibus</span> <span class='ocrx_word' id='word_1_173' title='bbox 1149 1625 1188 1656; x_wconf 89' lang='lat' dir='ltr'>et</span> <span class='ocrx_word' id='word_1_174' title='bbox 1202 1618 1328 1656; x_wconf 89' lang='lat' dir='ltr'>Vero-</span> 
     </span>
     <span class='ocr_line' id='line_1_27' title="bbox 133 1672 1325 1721; baseline 0.001 -13"><span class='ocrx_word' id='word_1_175' title='bbox 133 1672 325 1718; x_wconf 87' lang='lat' dir='ltr'>manduis,</span> <span class='ocrx_word' id='word_1_176' title='bbox 340 1672 516 1708; x_wconf 86' lang='lat' dir='ltr'>finitimis</span> <span class='ocrx_word' id='word_1_177' title='bbox 535 1672 631 1709; x_wconf 89' lang='lat' dir='ltr'>suis:</span> <span class='ocrx_word' id='word_1_178' title='bbox 652 1672 760 1721; x_wconf 88' lang='lat' dir='ltr'>(nam</span> <span class='ocrx_word' id='word_1_179' title='bbox 780 1673 839 1709; x_wconf 91' lang='lat' dir='ltr'>his</span> <span class='ocrx_word' id='word_1_180' title='bbox 853 1672 1026 1720; x_wconf 79' lang='lat' dir='ltr'>utrisque</span> <span class='ocrx_word' id='word_1_181' title='bbox 1045 1678 1325 1721; x_wconf 78' lang='lat' dir='ltr'>persuaserant,</span> 
     </span>
     <span class='ocr_line' id='line_1_28' title="bbox 135 1724 1328 1774; baseline 0 -12"><span class='ocrx_word' id='word_1_182' title='bbox 135 1732 177 1762; x_wconf 80' lang='lat' dir='ltr'>ut</span> <span class='ocrx_word' id='word_1_183' title='bbox 211 1726 370 1763; x_wconf 86' lang='lat' dir='ltr'>eandem</span> <span class='ocrx_word' id='word_1_184' title='bbox 407 1726 499 1762; x_wconf 89' lang='lat' dir='ltr'>belli</span> <span class='ocrx_word' id='word_1_185' title='bbox 528 1724 722 1763; x_wconf 86' lang='lat' dir='ltr'>fortunam</span> <span class='ocrx_word' id='word_1_186' title='bbox 755 1726 1026 1774; x_wconf 81' lang='lat' dir='ltr'>experirentur</span> <span class='ocrx_word' id='word_1_187' title='bbox 1043 1727 1071 1774; x_wconf 78' lang='lat' dir='ltr'>z)</span> <span class='ocrx_word' id='word_1_188' title='bbox 1111 1726 1328 1774; x_wconf 82' lang='lat' dir='ltr'>exspectari</span> 
     </span>
     <span class='ocr_line' id='line_1_29' title="bbox 135 1779 1327 1828; baseline 0 -13"><span class='ocrx_word' id='word_1_189' title='bbox 135 1779 249 1816; x_wconf 86' lang='lat' dir='ltr'>etiam</span> <span class='ocrx_word' id='word_1_190' title='bbox 270 1780 317 1816; x_wconf 90' lang='lat' dir='ltr'>ab</span> <span class='ocrx_word' id='word_1_191' title='bbox 338 1779 398 1816; x_wconf 87' lang='lat' dir='ltr'>his</span> <span class='ocrx_word' id='word_1_192' title='bbox 418 1779 713 1816; x_wconf 86' lang='lat' dir='ltr'>Aduatueorum</span> <span class='ocrx_word' id='word_1_193' title='bbox 733 1780 862 1828; x_wconf 87' lang='lat' dir='ltr'>copias</span> <span class='ocrx_word' id='word_1_194' title='bbox 881 1785 995 1827; x_wconf 87' lang='lat' dir='ltr'>atque</span> <span class='ocrx_word' id='word_1_195' title='bbox 1011 1791 1092 1816; x_wconf 89' lang='lat' dir='ltr'>esse</span> <span class='ocrx_word' id='word_1_196' title='bbox 1111 1779 1152 1816; x_wconf 90' lang='lat' dir='ltr'>in</span> <span class='ocrx_word' id='word_1_197' title='bbox 1171 1779 1327 1816; x_wconf 86' lang='lat' dir='ltr'>itinere:</span> 
     </span>
     <span class='ocr_line' id='line_1_30' title="bbox 134 1832 1326 1882; baseline 0.001 -14"><span class='ocrx_word' id='word_1_198' title='bbox 134 1833 314 1870; x_wconf 86' lang='lat' dir='ltr'>mulieres</span> <span class='ocrx_word' id='word_1_199' title='bbox 346 1833 490 1881; x_wconf 89' lang='lat' dir='ltr'>quique</span> <span class='ocrx_word' id='word_1_200' title='bbox 516 1845 585 1881; x_wconf 90' lang='lat' dir='ltr'>per</span> <span class='ocrx_word' id='word_1_201' title='bbox 613 1839 765 1870; x_wconf 85' lang='lat' dir='ltr'>aetatem</span> <span class='ocrx_word' id='word_1_202' title='bbox 786 1833 833 1869; x_wconf 86' lang='lat' dir='ltr'>ad</span> <span class='ocrx_word' id='word_1_203' title='bbox 853 1845 1022 1882; x_wconf 82' lang='lat' dir='ltr'>pugnam</span> <span class='ocrx_word' id='word_1_204' title='bbox 1041 1832 1199 1869; x_wconf 89' lang='lat' dir='ltr'>inutiles</span> <span class='ocrx_word' id='word_1_205' title='bbox 1218 1832 1326 1869; x_wconf 87' lang='lat' dir='ltr'>vide-</span> 
     </span>
     <span class='ocr_line' id='line_1_31' title="bbox 134 1885 1327 1935; baseline 0 -12"><span class='ocrx_word' id='word_1_206' title='bbox 134 1892 281 1932; x_wconf 85' lang='lat' dir='ltr'>rentur,</span> <span class='ocrx_word' id='word_1_207' title='bbox 303 1887 343 1923; x_wconf 92' lang='lat' dir='ltr'>in</span> <span class='ocrx_word' id='word_1_208' title='bbox 377 1899 465 1923; x_wconf 88' lang='lat' dir='ltr'>eum</span> <span class='ocrx_word' id='word_1_209' title='bbox 496 1887 623 1923; x_wconf 84' lang='lat' dir='ltr'>locum</span> <span class='ocrx_word' id='word_1_210' title='bbox 656 1886 877 1934; x_wconf 80' lang='lat' dir='ltr'>conjecisse,</span> <span class='ocrx_word' id='word_1_211' title='bbox 897 1899 973 1935; x_wconf 92' lang='lat' dir='ltr'>quo</span> <span class='ocrx_word' id='word_1_212' title='bbox 991 1892 1147 1935; x_wconf 83' lang='lat' dir='ltr'>propter</span> <span class='ocrx_word' id='word_1_213' title='bbox 1167 1885 1327 1934; x_wconf 80' lang='lat' dir='ltr'>paludes</span> 
     </span>
     <span class='ocr_line' id='line_1_32' title="bbox 134 1941 700 1978; baseline -0.004 -1"><span class='ocrx_word' id='word_1_214' title='bbox 134 1941 325 1977; x_wconf 80' lang='lat' dir='ltr'>exercitui</span> <span class='ocrx_word' id='word_1_215' title='bbox 344 1941 471 1977; x_wconf 85' lang='lat' dir='ltr'>aditus</span> <span class='ocrx_word' id='word_1_216' title='bbox 491 1953 566 1977; x_wconf 91' lang='lat' dir='ltr'>non</span> <span class='ocrx_word' id='word_1_217' title='bbox 587 1947 700 1978; x_wconf 86' lang='lat' dir='ltr'>esset.</span> 
     </span>
    </p>

    <p class='ocr_par' dir='ltr' id='par_1_5' title="bbox 134 1992 1329 2525">
     <span class='ocr_line' id='line_1_33' title="bbox 189 1992 1327 2043; baseline -0.001 -13"><span class='ocrx_word' id='word_1_218' title='bbox 189 1993 330 2031; x_wconf 89' lang='lat' dir='ltr'>XVII.</span> <span class='ocrx_word' id='word_1_219' title='bbox 361 1992 434 2030; x_wconf 91' lang='lat' dir='ltr'>His</span> <span class='ocrx_word' id='word_1_220' title='bbox 470 1995 585 2031; x_wconf 89' lang='lat' dir='ltr'>rebus</span> <span class='ocrx_word' id='word_1_221' title='bbox 623 1994 800 2043; x_wconf 83' lang='lat' dir='ltr'>cognitis,</span> <span class='ocrx_word' id='word_1_222' title='bbox 833 1993 1095 2042; x_wconf 79' lang='lat' dir='ltr'>exploratores</span> <span class='ocrx_word' id='word_1_223' title='bbox 1132 1992 1327 2030; x_wconf 80' lang='lat' dir='ltr'>centurio-</span> 
     </span>
     <span class='ocr_line' id='line_1_34' title="bbox 135 2046 1325 2096; baseline -0.002 -12"><span class='ocrx_word' id='word_1_224' title='bbox 135 2058 280 2095; x_wconf 88' lang='lat' dir='ltr'>nesque</span> <span class='ocrx_word' id='word_1_225' title='bbox 303 2047 517 2096; x_wconf 86' lang='lat' dir='ltr'>praemittit,</span> <span class='ocrx_word' id='word_1_226' title='bbox 537 2048 604 2096; x_wconf 90' lang='lat' dir='ltr'>qui</span> <span class='ocrx_word' id='word_1_227' title='bbox 633 2048 758 2084; x_wconf 84' lang='lat' dir='ltr'>locum</span> <span class='ocrx_word' id='word_1_228' title='bbox 784 2047 965 2084; x_wconf 92' lang='lat' dir='ltr'>idoneum</span> <span class='ocrx_word' id='word_1_229' title='bbox 984 2047 1120 2083; x_wconf 85' lang='lat' dir='ltr'>castris</span> <span class='ocrx_word' id='word_1_230' title='bbox 1139 2046 1325 2095; x_wconf 84' lang='lat' dir='ltr'>deligant.</span> 
     </span>
     <span class='ocr_line' id='line_1_35' title="bbox 138 2095 1326 2149; baseline 0 -13"><span class='ocrx_word' id='word_1_231' title='bbox 138 2095 345 2149; x_wconf 81' lang='lat' dir='ltr'>Quumque</span> <span class='ocrx_word' id='word_1_232' title='bbox 365 2114 414 2137; x_wconf 84' lang='lat' dir='ltr'>ex</span> <span class='ocrx_word' id='word_1_233' title='bbox 443 2101 631 2138; x_wconf 76' lang='lat' dir='ltr'>dedititiis</span> <span class='ocrx_word' id='word_1_234' title='bbox 657 2101 790 2149; x_wconf 86' lang='lat' dir='ltr'>Belgis</span> <span class='ocrx_word' id='word_1_235' title='bbox 814 2100 1049 2148; x_wconf 89' lang='lat' dir='ltr'>reliquisque</span> <span class='ocrx_word' id='word_1_236' title='bbox 1078 2099 1203 2137; x_wconf 87' lang='lat' dir='ltr'>Gallis</span> <span class='ocrx_word' id='word_1_237' title='bbox 1224 2112 1326 2136; x_wconf 82' lang='lat' dir='ltr'>eom-</span> 
     </span>
     <span class='ocr_line' id='line_1_36' title="bbox 135 2153 1327 2203; baseline 0.001 -14"><span class='ocrx_word' id='word_1_238' title='bbox 135 2154 276 2203; x_wconf 88' lang='lat' dir='ltr'>plures,</span> <span class='ocrx_word' id='word_1_239' title='bbox 310 2153 501 2191; x_wconf 82' lang='lat' dir='ltr'>Caesarem</span> <span class='ocrx_word' id='word_1_240' title='bbox 531 2155 663 2199; x_wconf 80' lang='lat' dir='ltr'>secuti,</span> <span class='ocrx_word' id='word_1_241' title='bbox 686 2167 762 2191; x_wconf 89' lang='lat' dir='ltr'>una</span> <span class='ocrx_word' id='word_1_242' title='bbox 789 2154 864 2191; x_wconf 86' lang='lat' dir='ltr'>iter</span> <span class='ocrx_word' id='word_1_243' title='bbox 892 2154 1074 2198; x_wconf 79' lang='lat' dir='ltr'>facerent,</span> <span class='ocrx_word' id='word_1_244' title='bbox 1095 2153 1255 2201; x_wconf 86' lang='lat' dir='ltr'>quidam</span> <span class='ocrx_word' id='word_1_245' title='bbox 1276 2165 1327 2190; x_wconf 85' lang='lat' dir='ltr'>ex</span> 
     </span>
     <span class='ocr_line' id='line_1_37' title="bbox 134 2207 1329 2256; baseline 0 -13"><span class='ocrx_word' id='word_1_246' title='bbox 134 2207 208 2252; x_wconf 85' lang='lat' dir='ltr'>his,</span> <span class='ocrx_word' id='word_1_247' title='bbox 230 2212 273 2243; x_wconf 89' lang='lat' dir='ltr'>ut</span> <span class='ocrx_word' id='word_1_248' title='bbox 292 2214 426 2256; x_wconf 81' lang='lat' dir='ltr'>postea</span> <span class='ocrx_word' id='word_1_249' title='bbox 444 2220 492 2244; x_wconf 85' lang='lat' dir='ltr'>ex</span> <span class='ocrx_word' id='word_1_250' title='bbox 513 2209 676 2256; x_wconf 83' lang='lat' dir='ltr'>captivis</span> <span class='ocrx_word' id='word_1_251' title='bbox 701 2207 899 2256; x_wconf 79' lang='lat' dir='ltr'>cognitum</span> <span class='ocrx_word' id='word_1_252' title='bbox 929 2214 997 2252; x_wconf 86' lang='lat' dir='ltr'>est,</span> <span class='ocrx_word' id='word_1_253' title='bbox 1019 2220 1152 2244; x_wconf 87' lang='lat' dir='ltr'>eorum</span> <span class='ocrx_word' id='word_1_254' title='bbox 1177 2207 1329 2244; x_wconf 89' lang='lat' dir='ltr'>dierum</span> 
     </span>
     <span class='ocr_line' id='line_1_38' title="bbox 136 2257 1328 2310; baseline 0 -13"><span class='ocrx_word' id='word_1_255' title='bbox 136 2261 414 2297; x_wconf 84' lang='lat' dir='ltr'>consuetudine</span> <span class='ocrx_word' id='word_1_256' title='bbox 442 2261 595 2298; x_wconf 86' lang='lat' dir='ltr'>itineris</span> <span class='ocrx_word' id='word_1_257' title='bbox 614 2261 735 2298; x_wconf 84' lang='lat' dir='ltr'>nostri</span> <span class='ocrx_word' id='word_1_258' title='bbox 766 2261 961 2298; x_wconf 71' lang='lat' dir='ltr'>exercitus</span> <span class='ocrx_word' id='word_1_259' title='bbox 983 2257 1194 2310; x_wconf 66' lang='lat' dir='ltr'>perspecta,</span> <span class='ocrx_word' id='word_1_260' title='bbox 1216 2265 1328 2297; x_wconf 83' lang='lat' dir='ltr'>nocte</span> 
     </span>
     <span class='ocr_line' id='line_1_39' title="bbox 136 2313 1328 2363; baseline 0 -13"><span class='ocrx_word' id='word_1_261' title='bbox 136 2314 184 2351; x_wconf 88' lang='lat' dir='ltr'>ad</span> <span class='ocrx_word' id='word_1_262' title='bbox 212 2313 380 2351; x_wconf 89' lang='lat' dir='ltr'>Nervios</span> <span class='ocrx_word' id='word_1_263' title='bbox 400 2321 661 2363; x_wconf 86' lang='lat' dir='ltr'>pervenerunt</span> <span class='ocrx_word' id='word_1_264' title='bbox 681 2321 795 2363; x_wconf 89' lang='lat' dir='ltr'>atque</span> <span class='ocrx_word' id='word_1_265' title='bbox 814 2315 863 2352; x_wconf 88' lang='lat' dir='ltr'>iis</span> <span class='ocrx_word' id='word_1_266' title='bbox 883 2315 1207 2359; x_wconf 84' lang='lat' dir='ltr'>demonstrarunt,</span> <span class='ocrx_word' id='word_1_267' title='bbox 1226 2314 1328 2350; x_wconf 87' lang='lat' dir='ltr'>inter</span> 
     </span>
     <span class='ocr_line' id='line_1_40' title="bbox 136 2367 1327 2417; baseline -0.001 -13"><span class='ocrx_word' id='word_1_268' title='bbox 136 2368 308 2417; x_wconf 82' lang='lat' dir='ltr'>singulas</span> <span class='ocrx_word' id='word_1_269' title='bbox 327 2367 496 2416; x_wconf 85' lang='lat' dir='ltr'>legiones</span> <span class='ocrx_word' id='word_1_270' title='bbox 528 2368 892 2416; x_wconf 87' lang='lat' dir='ltr'>impedimentorum</span> <span class='ocrx_word' id='word_1_271' title='bbox 922 2381 1105 2417; x_wconf 84' lang='lat' dir='ltr'>magnum</span> <span class='ocrx_word' id='word_1_272' title='bbox 1124 2378 1327 2404; x_wconf 91' lang='lat' dir='ltr'>numerum</span> 
     </span>
     <span class='ocr_line' id='line_1_41' title="bbox 136 2420 1326 2473; baseline -0.002 -15"><span class='ocrx_word' id='word_1_273' title='bbox 136 2421 386 2466; x_wconf 86' lang='lat' dir='ltr'>intercedere,</span> <span class='ocrx_word' id='word_1_274' title='bbox 407 2434 531 2471; x_wconf 88' lang='lat' dir='ltr'>neque</span> <span class='ocrx_word' id='word_1_275' title='bbox 551 2434 634 2459; x_wconf 88' lang='lat' dir='ltr'>esse</span> <span class='ocrx_word' id='word_1_276' title='bbox 653 2422 863 2470; x_wconf 87' lang='lat' dir='ltr'>quidquam</span> <span class='ocrx_word' id='word_1_277' title='bbox 884 2422 1039 2473; x_wconf 86' lang='lat' dir='ltr'>negotii,</span> <span class='ocrx_word' id='word_1_278' title='bbox 1060 2434 1179 2471; x_wconf 89' lang='lat' dir='ltr'>quum</span> <span class='ocrx_word' id='word_1_279' title='bbox 1202 2420 1326 2469; x_wconf 75' lang='lat' dir='ltr'>prIma</span> 
     </span>
     <span class='ocr_line' id='line_1_42' title="bbox 136 2474 1326 2525; baseline -0.002 -14"><span class='ocrx_word' id='word_1_280' title='bbox 136 2474 239 2524; x_wconf 86' lang='lat' dir='ltr'>legio</span> <span class='ocrx_word' id='word_1_281' title='bbox 270 2475 311 2513; x_wconf 89' lang='lat' dir='ltr'>in</span> <span class='ocrx_word' id='word_1_282' title='bbox 332 2481 457 2513; x_wconf 88' lang='lat' dir='ltr'>castra</span> <span class='ocrx_word' id='word_1_283' title='bbox 484 2475 653 2513; x_wconf 79' lang='lat' dir='ltr'>venisset</span> <span class='ocrx_word' id='word_1_284' title='bbox 681 2475 917 2525; x_wconf 79' lang='lat' dir='ltr'>reliquaeque</span> <span class='ocrx_word' id='word_1_285' title='bbox 946 2475 1116 2525; x_wconf 86' lang='lat' dir='ltr'>legiones</span> <span class='ocrx_word' id='word_1_286' title='bbox 1145 2485 1326 2523; x_wconf 85' lang='lat' dir='ltr'>magnum</span> 
     </span>
    </p>
   </div>
  </div>
 </body>
</html>
