1496 2671
520 134 966 173 THEMISTOCLES.
1294 136 1336 172 11

187 231 286 282 CAP.
315 241 390 279 IV.
445 240 569 278 Juxta
605 241 841 278 Salaminem
861 248 949 279 astet
968 242 1134 279 vincitur
1157 241 1313 279 Xerxes.

211 317 275 354 A'r
306 317 473 362 Xerxes,
509 317 781 366 Thermopylis
815 318 1057 366 expugnatis,
1079 318 1255 367 protinus
1280 330 1342 355 ac-

158 372 273 408 cessit
318 377 415 417 astu,
454 371 586 418 idque,
619 372 736 408 nullis
782 371 1089 416 defendentibus,
1129 371 1343 411 interfectis

158 425 429 469 sacerdotibus,
451 437 545 472 quos
578 426 619 461 in
648 437 734 462 arce
754 425 969 470 invenerat,
988 426 1166 462 incendio
1185 425 1342 462 delevit.

159 477 280 526 Cujus
316 476 420 515 fama.
457 479 653 525 perterriti
691 478 887 523 classiarii,
921 491 1040 526 quum
1076 491 1231 516 manere
1266 491 1344 516 non

157 533 353 576 auderent,
375 538 412 568 et
434 532 584 580 plurimi
605 533 863 576 hortarentur,
882 538 922 568 ut
935 533 1065 568 domos
1079 545 1166 569 suas
1182 532 1344 580 quisque

157 586 409 630 discederent,
422 585 697 634 moenibusque
717 597 756 622 se
777 585 1043 629 desenderent;
1067 585 1344 622 Themistocles

156 651 256 675 unus
276 639 429 682 restitit,
452 645 502 684 et,
524 639 722 676 universos
742 651 824 676 esse
843 651 953 687 pares
969 651 1092 687 posse,
1107 639 1244 684 aiebat,
1266 639 1344 675 dis-

155 704 287 740 persos
324 694 538 729 testabatur
572 693 775 741 perituros.
847 692 971 741 quue
1008 692 1224 741 Eurybiadi
1261 692 1344 740 regi

156 745 561 790 Lacedaemoniorum,
581 746 648 794 qui
682 752 763 783 tum
795 758 964 783 summae
983 746 1135 793 imperii
1156 751 1343 794 praeerat,

156 797 238 836 fore
257 799 485 836 affirmabat.
543 798 668 844 Quem
698 812 816 847 quum
848 799 976 836 minus
995 811 1109 847 quam
1131 799 1245 835 vellet
1265 811 1345 835 mom

158 858 280 897 veret,
299 858 414 890 noctu
436 853 482 890 de
501 853 623 890 servis
645 853 736 897 suis,
756 866 869 901 quem
898 853 1034 890 habuit
1066 852 1343 898 fidelissimum,

158 906 206 942 ad
225 918 356 954 regem
376 906 492 951 misit,
513 911 556 943 ut
575 907 610 943 ei
630 907 826 943 nuntiaret
846 906 926 943 suis
954 906 1095 952 verbis,
1127 909 1151 927 “
1165 906 1344 943 adversa-

157 959 235 996 rios
255 958 337 1007 ejus
356 959 396 996 in
416 957 510 1008 fuga
529 972 621 1005 esse,
643 960 709 1008 qui
730 959 762 996 si
795 959 1070 1005 discessissent,
1092 958 1236 1007 majore
1256 971 1345 996 cum

159 1012 299 1058 labore,
321 1018 359 1049 et
391 1013 660 1061 longinquiore
693 1019 864 1061 tempore
893 1013 1038 1050 bellum
1067 1013 1344 1057 confecturum,

157 1078 276 1114 quum
297 1065 468 1114 singulos
488 1066 699 1103 consectari
719 1071 937 1115 cogeretur3
966 1079 1061 1114 quos
1081 1066 1114 1103 si
1133 1066 1263 1104 statim
1279 1079 1346 1115 ag—

159 1119 396 1167 grederetur,
431 1119 541 1156 brevi
572 1120 771 1157 universos
804 1119 1113 1169 oppressurum.’'
1183 1120 1270 1156 Hoc
1300 1131 1345 1156 eo

157 1173 321 1218 valebat,
356 1178 399 1210 ut
432 1173 610 1223 ingratiis
647 1173 694 1210 ad
728 1174 1028 1222 depugnandum
1065 1185 1196 1211 omnes
1233 1186 1345 1221 coge-

156 1232 305 1263 rentur.
376 1224 463 1263 Hac
493 1239 535 1264 re
568 1224 710 1272 audita,
732 1228 918 1264 barbarus
951 1227 1049 1263 nihil
1079 1226 1157 1263 doli
1190 1227 1346 1264 subesse

157 1280 327 1325 credens,
352 1280 538 1328 postridie
571 1280 805 1318 alienissimo
835 1280 909 1318 sibi
937 1280 1032 1326 loeo,
1053 1285 1186 1317 contra
1204 1293 1342 1328 oppor-

157 1333 359 1370 tunissimo
378 1334 564 1381 hostibus,
584 1334 677 1371 adeo
696 1339 859 1382 angusto
878 1333 975 1371 mari
996 1333 1183 1377 conflixit,
1202 1339 1243 1370 ut
1263 1333 1346 1381 ejus

157 1387 364 1424 multitudo
380 1387 537 1424 navium
558 1387 741 1435 explicari
762 1400 838 1424 non
858 1387 1037 1436 potuerit.
1095 1387 1236 1424 Victus
1254 1399 1346 1435 ergo

159 1446 217 1477 est
238 1440 359 1489 magis
388 1440 545 1478 consilio
566 1440 848 1486 Themistoclis,
870 1453 985 1489 quam
1005 1440 1124 1478 armis
1145 1438 1344 1478 Graeciae.

373 1567 475 1606 CAP.
504 1568 559 1606 V.
605 1568 756 1605 Xeroees
774 1567 942 1619 Europe}
954 1568 1128 1620 pellitur.

213 1635 294 1672 HIC
314 1635 510 1679 barbarus,
533 1635 605 1672 etsi
636 1634 735 1672 male
767 1647 850 1671 rem
869 1640 1051 1683 gesserat,
1072 1640 1201 1672 tamen
1220 1639 1348 1671 tantas

159 1690 324 1727 habebat
343 1688 524 1737 reliquias
544 1688 751 1737 copiarum,
770 1694 809 1725 ut
828 1689 943 1725 etiam
956 1701 1043 1725 cum
1055 1689 1116 1725 his
1131 1687 1348 1736 opprimere

160 1748 288 1792 posset
307 1743 448 1779 hostes.
505 1742 670 1779 Interim
689 1743 737 1779 ab
766 1742 910 1787 eodem,
931 1742 1055 1791 gradu
1075 1742 1257 1790 depulsus
1277 1746 1346 1777 est.

158 1796 262 1834 Nam
282 1795 572 1840 Themistocles,
593 1808 732 1832 verens
753 1808 801 1832 ne
820 1796 962 1832 bellare
980 1800 1255 1844 perseveraret,
1265 1806 1348 1831 cer-

158 1851 296 1887 tiorem
316 1862 403 1886 eum
423 1849 529 1893 fecit,
547 1849 587 1885 id
607 1849 681 1898 agi,
705 1854 747 1885 ut
775 1861 881 1898 pons,
903 1861 1016 1896 quem
1049 1848 1114 1885 ille
1133 1848 1174 1884 in
1194 1847 1347 1884 Helles-

159 1909 276 1952 ponto
309 1902 462 1947 fecerat,
483 1903 768 1948 dissolveretur,
789 1915 832 1939 ac
851 1903 978 1938 reditu
999 1902 1039 1938 in
1059 1901 1197 1938 Asiam
1216 1901 1348 1938 exclu-

159 1957 331 2000 deretur3
351 1957 466 2004 idque
486 1956 521 1992 ei
541 1956 743 2004 persuasit.
801 1955 950 2004 Itaque,
968 1953 1042 2002 qua
1062 1967 1132 1991 sex
1151 1955 1348 1991 mensibus

159 2010 234 2046 iter
253 2009 408 2055 fecerat,
428 2007 560 2047 eadem
579 2010 706 2046 minus
726 2009 860 2046 diebus
888 2009 1051 2058 triginta
1069 2009 1109 2044 in
1130 2008 1268 2045 Asiam
1288 2020 1347 2044 re-

161 2076 296 2099 versus
329 2070 396 2106 est,
419 2076 533 2111 seque
567 2076 589 2100 a
621 2063 879 2100 Themistocle
912 2075 990 2099 non
1020 2067 1252 2110 superatum,
1283 2061 1349 2097 sed

161 2122 427 2153 conservatum
467 2116 671 2164 judicavit.
750 2115 813 2153 Sic
860 2117 974 2153 unius
1021 2116 1097 2151 viri
1142 2112 1349 2163 prudentia

163 2168 329 2206 Graecia
373 2170 533 2207 liberata
578 2176 648 2215 est,
694 2170 948 2218 Europaeque
994 2169 1194 2205 succubuit
1239 2166 1348 2204 Asia.

164 2223 274 2259 Haec
311 2222 430 2260 altera
466 2224 642 2265 victoria,
681 2236 779 2272 quae
816 2236 903 2259 cum
942 2222 1190 2259 Marathonio
1227 2221 1349 2270 possit

163 2277 375 2324 comparari
410 2282 591 2325 tropaeo:
633 2289 721 2313 nam
757 2277 841 2324 pari
872 2277 985 2313 modo
1015 2277 1117 2325 apud
1142 2275 1346 2318 Salamina,

164 2342 284 2378 parvo
303 2342 461 2366 numero
480 2330 649 2373 navium,
670 2331 849 2375 maxima,
871 2335 956 2379 post
988 2329 1187 2366 hominum
1206 2340 1348 2366 memo-

163 2383 269 2428 riam,
291 2383 422 2420 classis
443 2390 500 2420 est
519 2383 681 2420 devicta.
