1496 2671
234 152 284 190 50
536 149 728 196 QUINTI
757 150 945 189 CURTII
974 151 1104 190 RUFI

234 259 506 310 pendentibus;
544 264 748 307 sequuntur
785 264 977 298 matronae
1012 259 1250 309 virginesque
1285 257 1409 309 patrio

235 327 338 352 more
356 312 590 351 inconditum
609 313 797 362 quoddam
816 326 966 351 carmen
985 318 1172 359 canentes,
1189 324 1262 362 quo
1280 311 1407 363 propi-

236 368 321 406 tiari
339 367 365 404 J
368 378 472 404 ovem
494 366 664 412 credunt,
685 373 728 405 ut
742 372 886 406 certum
905 367 992 405 edat
1011 367 1214 404 oraculum.

290 420 435 458 XXXI.
464 420 519 458 At
545 425 627 458 tum
665 421 814 470 quidem
851 433 977 469 regem
1014 420 1165 470 propius
1203 419 1403 457 ade'untem

237 474 423 512 maximus
441 479 533 512 natu
548 487 568 511 e
583 475 965 525 sacerdotibusssfilium
985 474 1168 523 appellat;
1188 473 1258 511 hoc
1272 485 1410 510 nomen

237 528 289 566 illi
308 532 499 578 parentem
527 528 662 566 Jovem
680 528 848 573 reddere,
878 528 1078 565 affirmans.
1134 528 1214 573 Ille,
1243 539 1282 565 se
1309 539 1409 572 vero,

239 582 302 628 ait,
332 587 370 620 et
406 582 572 632 accipere
599 587 637 620 et
665 594 877 630 agnoscere,
906 582 1091 619 humanae
1126 582 1235 620 sortis
1261 580 1411 618 oblitus.

241 635 441 674 Consuluit
459 636 606 680 deinde,
624 648 671 672 an
687 636 802 674 totius
818 635 917 673 orbis
931 635 1125 684 imperium
1142 635 1229 673 fatis
1247 634 1316 672 sibi
1329 633 1412 670 des·

241 690 378 728 tinaret
395 694 512 740 pater.
568 689 696 735 Vates,
713 701 828 737 aeque
845 689 885 725 in
905 689 1155 726 adulationem
1173 687 1411 738 compositus,

241 750 424 781 terrarum
460 743 625 780 omnium
653 748 835 781 rectorem
863 743 942 780 fore
969 743 1146 781 ostendit.
1203 742 1292 780 Post
1321 741 1412 778 haec

240 798 377 836 institit
413 810 601 846 quaerere,
639 810 686 833 an
713 809 841 834 omnes
876 796 1041 846 parentis
1069 797 1124 834 sui
1160 795 1417 834 interfectores

242 864 380 901 poenas
407 851 609 888 dedissent.
667 851 845 888 Sacerdos
863 855 1055 900 parentem
1075 850 1154 899 ejus
1172 854 1287 899 negat
1305 849 1418 885 ullius

244 905 379 942 scelere
398 917 505 954 posse
524 904 676 948 violari3
699 904 861 954 Philippi
876 909 1000 942 autem
1015 917 1142 942 omnes
1160 903 1416 941 interfectores

244 959 354 996 luisse
373 958 563 1007 supplicia.
619 957 782 1007 Adjecit‚
803 959 984 995 invictum
1012 958 1102 1004 fore,
1123 958 1243 995 donec
1262 955 1418 994 excede-

245 1018 303 1050 ret
322 1012 370 1049 ad
385 1012 485 1049 deos.
543 1012 732 1049 Sacrificio
759 1012 896 1049 deinde
913 1012 1024 1058 facto,
1045 1012 1145 1049 dona
1163 1016 1200 1049 et
1219 1009 1420 1048 sacerdoti-

245 1067 314 1104 bus
333 1071 371 1104 et
390 1066 460 1103 deo
481 1066 569 1104 data
589 1072 688 1112 sunt,
709 1066 999 1116 permissumque
1018 1066 1155 1111 amicis,
1176 1070 1219 1102 ut
1237 1064 1306 1114 ipsi
1327 1075 1419 1113 quo-

251 1133 321 1168 que
358 1120 594 1157 consulerent
620 1119 766 1157 Jovem.
836 1120 941 1156 Nihil
978 1120 1134 1169 amplius
1170 1118 1419 1168 quaesierunt,

249 1186 369 1222 quam,
386 1186 433 1211 an
449 1180 579 1212 auctor
594 1180 690 1211 esset
705 1173 774 1211 sibi
787 1173 921 1210 divinis
936 1173 1139 1210 honoribus
1154 1171 1300 1210 colendi
1316 1182 1420 1209 suum

246 1240 384 1277 regem.
415 1224 502 1265 Hoc
517 1239 662 1276 quoque
680 1233 870 1276 acceptum
891 1227 969 1264 fore
982 1227 1081 1271 Jovi,
1099 1235 1201 1264 vates
1215 1225 1422 1275 respondit.

250 1281 348 1319 Vere
367 1286 405 1319 et
419 1282 617 1319 salubriter
628 1281 839 1319 aestimanti
858 1281 968 1317 fidem
988 1281 1126 1318 oraculi
1145 1292 1241 1317 vana
1254 1278 1422 1329 profecto

249 1348 425 1385 responsa
449 1335 566 1372 videri
594 1335 829 1384 potuissent3
859 1335 926 1371 sed
952 1335 1113 1380 fortuna,
1143 1345 1234 1382 quos
1261 1333 1326 1370 uni
1354 1332 1423 1370 sibi

252 1390 403 1426 credere
429 1389 563 1437 coegit,
603 1401 739 1438 magna
765 1402 810 1426 ex
838 1394 945 1438 parte
973 1388 1100 1425 avidos
1137 1388 1278 1437 gloriae
1305 1386 1424 1435 magis

252 1455 359 1491 quam
388 1455 540 1491 capaces
562 1442 664 1480 facit.
721 1442 824 1480 ‚lovis
851 1442 966 1490 igitur
994 1442 1110 1478 filium
1139 1454 1177 1479 se
1203 1453 1280 1479 non
1307 1440 1425 1478 solum

253 1496 429 1546 appellari
457 1508 584 1545 passus
612 1502 678 1542 est,
708 1497 772 1533 sed
801 1496 912 1534 etiam
943 1495 1078 1544 jussit;
1108 1507 1305 1544 rerumque
1341 1506 1425 1544 ges-

251 1556 374 1588 tarum
401 1550 548 1594 famam,
569 1550 659 1586 dum
688 1562 825 1598 augere
851 1550 942 1594 vult,
972 1549 1038 1587 tali
1066 1549 1314 1599 appellatione
1342 1561 1423 1586 cor-

254 1604 403 1653 rumpit.
462 1604 511 1641 Et
540 1604 776 1649 Macedones,
806 1604 941 1641 assueti
960 1603 1109 1652 quidem
1128 1603 1232 1653 regio
1258 1602 1426 1652 imperio,

256 1658 321 1695 sed
340 1657 479 1706 majore
508 1658 691 1695 libertatis
719 1658 851 1694 umbra
878 1670 987 1707 quam
1017 1662 1161 1694 ceterae
1188 1661 1332 1705 gentes,
1360 1656 1427 1692 im-

256 1711 521 1749 mortalitatem
550 1712 785 1749 affectantem
814 1710 1068 1749 contumacius
1100 1723 1211 1759 quam
1239 1715 1303 1748 aut
1340 1709 1428 1758 ipsis

255 1765 476 1815 expediebat
514 1772 578 1802 aut
625 1765 716 1813 regi,
759 1765 918 1803 aversati
958 1770 1057 1801 sunt.
1114 1764 1188 1802 Sed
1226 1763 1316 1801 haec
1361 1776 1427 1800 suo

255 1831 420 1867 quaeque
456 1819 614 1868 tempori
661 1824 923 1863 reserventur-3
971 1830 1071 1855 nunc
1115 1824 1238 1855 cetera
1278 1817 1427 1865 exsequi

255 1885 421 1923 pergam.

309 1926 473 1964 XXXII.
504 1926 541 1963 8.
568 1926 785 1964 Alexander
812 1927 859 1964 ab
886 1926 1098 1964 Hammone
1124 1926 1284 1971 rediens,
1313 1930 1355 1963 ut
1388 1923 1427 1974 [a

260 1980 369 2031 mari]
401 1980 449 2017 ad
469 1980 667 2018 Mareotim
685 1981 872 2030 paludem,
893 1981 990 2017 haud
1018 1980 1147 2030 procul
1166 1979 1287 2017 insula
1306 1979 1433 2016 Pharo⁴

260 2036 378 2079 sitam,
395 2034 520 2077 venit3
537 2035 807 2084 contemplatus
826 2035 897 2071 loci
914 2040 1098 2079 naturam,
1110 2033 1272 2084 primum
1292 2034 1332 2070 in
1350 2034 1430 2083 ipsa

260 2088 380 2125 insula
397 2092 579 2125 statuerat
598 2089 728 2125 urbem
747 2101 880 2126 novam
900 2088 1073 2125 condere.
1130 2087 1235 2133 Inde,
1257 2093 1300 2125 ut
1319 2099 1430 2138 appa-

260 2142 333 2179 ruit
360 2154 518 2189 magnae
544 2142 641 2179 sedis
668 2142 825 2180 insulam
853 2142 954 2179 haud
983 2154 1166 2192 capacem,
1197 2141 1311 2191 elegit
1346 2141 1429 2180 urbi

259 2197 381 2233 locum
400 2195 464 2231 ubi
492 2207 592 2233 nunc
619 2201 674 2234 est
701 2196 941 2241 Alexandria,
968 2195 1254 2245 appellationem
1280 2195 1432 2234 trahens

263 2263 308 2287 ex
327 2249 476 2285 nomine
496 2250 671 2286 auctoris.
729 2250 953 2299 Complexus
972 2249 1153 2298 quidquid
1170 2249 1243 2287 loci
1261 2255 1317 2288 est
1334 2249 1434 2287 inter

262 2303 434 2352 paludem
462 2307 500 2340 et
527 2315 639 2350 mare,
668 2304 859 2352 octoginta
887 2304 1092 2341 stadiorum
1110 2303 1225 2341 muris
1253 2302 1432 2341 ambitum

264 2357 449 2400 ‹lestinat;
480 2361 517 2394 et
545 2357 607 2404 qui
625 2357 924 2395 exaedificandae
942 2358 1025 2395 urbi
1051 2362 1263 2407 praeessent
1281 2355 1429 2400 relictis,

264 2410 466 2460 Memphim
482 2411 587 2459 petit.
647 2411 803 2461 Cupido,
820 2412 921 2449 haud
940 2411 1078 2461 injusta
1097 2412 1431 2459 quidem,ceterum
