1496 2671
438 131 733 171 AGRICOLAE
762 130 906 169 VITA.
1215 128 1267 166 23

87 248 174 282 tuor
192 244 357 292 equitum
379 241 465 286 alas,
495 240 544 277 ad
571 239 693 277 subita
710 239 799 277 belli
826 243 1004 285 retentas,
1033 237 1269 275 venientibus

88 297 331 347 opposuisset,
351 298 566 344 quantoque
579 292 739 330 ferocius
754 296 1004 339 accurrerant,
1024 296 1133 330 tanto
1148 291 1269 329 acrius

88 350 243 400 pulsos·
232 362 273 388 m
290 349 418 397 fugam
438 347 654 396 disjecisset.
711 346 771 384 Ita
789 347 983 384 consilium
1004 345 1270 383 Britannorum

88 404 129 440 in
142 404 242 453 ipsos
255 413 431 439 versum:
460 403 755 448 transvectaeque
773 404 961 461 praeccpto
980 399 1086 436 ducis
1105 411 1128 436 a
1146 398 1270 437 fronte

88 455 337 505 pugnantium
357 455 439 499 alae,
454 466 500 491 av
502 452 791 491 ersamhostium
806 453 922 490 aciem
942 453 1122 490 invasere
1171 452 1270 489 Tum

87 522 176 548 vero
194 508 409 558 patentibus
422 507 513 544 locis
523 506 668 556 grande
682 510 720 544 et
732 513 840 544 atrox
855 506 1133 556 spectaculum:
1156 507 1271 555 sequi,

87 563 293 608 vulnerare,
314 574 456 610 capere,
478 565 590 609 atque
609 560 771 605 eosdem,
792 560 928 597 oblatis
947 560 1039 606 aliis,
1069 560 1270 598 trucidare.

88 615 177 653 Jam
205 616 380 660 hostium,
401 619 514 664 prout
542 613 676 662 cuique
693 613 892 661 ingenium
911 617 1003 658 erat,
1033 619 1192 651 catervae
1213 626 1273 651 ar-

90 673 277 707 matorum
305 668 542 718 paucioribus
569 672 678 715 terga
703 671 895 716 praestare,
933 666 1084 715 quidam
1112 666 1274 704 inermes

89 723 190 761 ultro
217 734 337 768 ruere,
359 734 402 759 ac
421 733 461 758 se
487 720 599 758 morti
619 720 763 757 offerre.
821 719 965 757 Passim
993 732 1105 765 arma,
1128 725 1166 758 et
1193 733 1275 758 cor-

89 788 194 825 pora,
222 780 261 814 et
278 775 393 813 laceri
419 778 534 819 artus,
564 778 603 812 et
631 779 787 811 cruenta
813 773 978 810 humus:
1008 779 1047 811 et
1075 774 1276 822 aliquando

91 831 205 867 etiam
233 829 341 867 vietis
369 828 425 865 ira
451 827 670 875 virtusque:
719 831 916 876 postquam
945 826 1046 863 silvis
1075 828 1275 876 appropin—

94 887 266 932 quarunt,
288 881 446 926 collecti,
467 881 606 930 primos
635 881 881 928 sequentium,
910 880 1094 926 incautos,
1116 887 1155 919 et
1173 881 1275 918 loco-

91 949 173 974 rum
200 936 364 985 ignaros,
394 934 749 972 circumveniebant.
807 934 922 980 Quod
942 933 982 970 ni
999 933 1174 981 frequens
1194 935 1275 971 ubi·

93 1002 164 1038 que
196 989 387 1038 Agricola,
421 988 564 1025 validas
593 995 631 1026 et
659 985 852 1036 expeditas
881 987 1061 1033 cohortes,
1089 987 1280 1037 indaginis

96 1043 220 1089 modo,
238 1047 276 1081 et
296 1043 413 1080 sicubi
433 1041 593 1080 arctiora
612 1049 730 1086 erant,
753 1046 896 1090 partem
918 1041 1096 1090 equitum,
1118 1041 1280 1080 dimissis

93 1097 208 1144 equis,
230 1096 340 1133 simul
359 1095 517 1132 rariores
537 1095 648 1132 silvas
676 1095 838 1143 equitem
859 1095 1067 1144 persultare
1088 1095 1275 1143 jussisset,

94 1155 287 1199 acceptum
316 1149 468 1198 aliquod
497 1149 631 1186 vulnus
668 1161 735 1197 per
761 1148 915 1185 nimiam
954 1147 1129 1185 fiduciam
1166 1149 1278 1186 foret.

95 1203 284 1247 Ceterum,
313 1203 378 1239 ubi
406 1202 630 1251 compositos
650 1202 766 1239 firmis
795 1202 989 1239 ordinibus
1017 1203 1123 1251 sequi
1150 1215 1278 1240 rursus

94 1256 232 1301 videre,
261 1256 302 1292 in
327 1255 456 1304 fugam
486 1255 594 1300 versi,
622 1267 699 1292 non
727 1255 951 1303 agminibus,
980 1260 1023 1293 ut
1051 1256 1167 1304 prius,
1207 1269 1276 1305 nec

95 1310 190 1347 alius
209 1309 322 1346 alium
341 1313 607 1358 respectantes,
629 1309 715 1352 rari,
738 1315 776 1346 et
791 1308 990 1346 vitabundi
1001 1309 1174 1356 invicam,
1196 1310 1278 1347 lon—

99 1363 238 1412 ginqua
257 1368 369 1411 atque
396 1362 478 1398 avia
504 1361 669 1410 petiere:
698 1361 782 1398 finis
811 1363 990 1410 sequendi
1018 1375 1096 1399 nox
1124 1368 1162 1401 et
1191 1364 1278 1402 sati-

95 1422 174 1455 etas
210 1416 305 1454 fuit:
338 1427 433 1452 caesa
458 1415 622 1452 hostium
653 1415 701 1451 ad
729 1415 857 1452 decem
887 1415 1031 1452 millia:
1063 1421 1276 1454 nostrorum

93 1469 254 1508 trecenti
290 1469 487 1517 sexaginta
523 1468 720 1505 cecidere:
769 1468 810 1504 in
836 1469 917 1516 quis
954 1468 1076 1505 Aulus
1114 1470 1278 1515 Atticus,

94 1523 291 1573 praefectus
310 1523 488 1569 cohortis,
501 1522 662 1571 juvenili
680 1521 824 1568 ardore,
846 1527 884 1560 et
903 1522 1040 1559 ferocia
1059 1524 1144 1571 equi
1162 1524 1280 1562 hosti-

92 1579 162 1614 bus
181 1577 317 1614 illatus.

150 1629 375 1667 XXXVIII.
407 1629 458 1668 Et
486 1642 562 1667 nox
599 1629 750 1679 quidem
779 1629 919 1678 gaudio
955 1629 1156 1679 praedaque
1193 1631 1280 1670 laeta

99 1684 331 1721 victoribus:
363 1682 536 1721 Britanni
564 1684 746 1732 palantes,
776 1683 970 1732 mixtoque
1006 1684 1170 1720 virorum
1200 1697 1280 1722 niu-

98 1739 302 1786 lierumque
321 1737 481 1786 ploratu,
511 1737 660 1774 trahere
688 1737 914 1781 vulneratos,
938 1749 1071 1774 vocare
1097 1738 1278 1786 integros,

99 1792 269 1828 deserere
300 1792 444 1836 domos,
474 1803 517 1827 ac
544 1803 611 1839 per
637 1791 730 1827 iram
760 1791 860 1828 ultro
887 1791 1109 1828 incendere:
1141 1791 1280 1840 eligere

97 1846 269 1891 latebras,
291 1850 328 1882 et
347 1845 474 1882 statim
493 1844 723 1893 relinquere:
754 1845 910 1881 miscere
937 1844 1094 1881 invicem
1125 1845 1278 1883 consilia

100 1899 233 1946 aliqua,
263 1899 351 1935 dein
379 1910 574 1947 separare:
605 1898 808 1946 aliquando
835 1897 959 1946 frangi
978 1902 1132 1946 aspectu
1149 1898 1278 1947 pigno—

100 1963 179 1988 rum
198 1964 361 1997 suorum,
378 1951 512 2000 saepius
528 1951 726 1995 concitari,
747 1952 910 1999 satisque
925 1952 1121 1989 constabat
1135 1953 1281 1990 saevisse

103 2005 282 2052 quosdam
300 2005 341 2042 in
359 2005 539 2054 conjuges
559 2017 601 2042 ac
629 2005 778 2051 liberos,
798 2010 976 2053 tanquam
1003 2005 1282 2044 misererentur.

104 2058 303 2095 Proximus
330 2059 409 2096 dies
435 2059 567 2096 faciem
597 2058 763 2096 victoriae
791 2059 904 2096 latius
932 2058 1103 2107 aperuit:
1135 2063 1282 2097 vastum

100 2111 237 2160 ubique
256 2111 456 2158 silentium,
485 2112 618 2149 secreti
646 2112 769 2158 colles,
798 2112 984 2149 fumantia
1011 2112 1142 2161 procul
1169 2117 1281 2160 tecta,

102 2177 213 2202 nemo
241 2165 538 2215 exploratoribus
566 2165 713 2203 obvius:
745 2165 878 2213 quibus
897 2166 936 2202 in
957 2177 1105 2202 omnem
1135 2171 1280 2215 partem

103 2219 273 2265 dimissis,
295 2219 360 2255 ubi
387 2219 531 2256 incerta
548 2218 646 2267 fugae
668 2219 839 2268 vestigia,
859 2231 982 2267 neque
1009 2230 1164 2267 usquam
1193 2232 1281 2257 con-

101 2272 247 2320 globari
272 2272 398 2310 hostes
427 2276 670 2333 compertum,
692 2277 730 2311 et
757 2278 889 2310 exacta
902 2272 986 2321 jam
1010 2278 1140 2310 aestate
1159 2273 1285 2322 spargi

101 2325 240 2362 bellum
261 2326 451 2375 nequibat,
479 2326 519 2362 in
548 2325 638 2363 fines
667 2326 918 2364 Horestomm
939 2326 1144 2363 exercitum
1165 2326 1282 2362 dedu-

102 2379 166 2418 cit.
225 2379 281 2416 Ibi
297 2379 457 2430 acceptis
473 2378 674 2427 obsidibus,
688 2380 862 2430 praefecto
876 2380 1001 2419 classis
1018 2383 1042 2401 “
1058 2379 1283 2417 circumvehi
