1496 2671
202 102 253 139 28
495 112 593 140 CATO
620 111 752 140 MAJOR
778 112 831 139 DE
858 113 1097 141 sumerum.

201 221 276 259 qua
293 221 369 247 non
384 208 438 247 ita
456 208 572 257 longa
590 209 844 259 disputatione
858 222 951 259 opus
980 223 1060 249 esse
1077 211 1239 257 videtur,
1268 223 1383 260 quum

199 263 386 309 recorder,
401 275 481 299 non
495 262 654 299 Lucium
668 262 840 308 Brutum,
858 264 921 312 qui
935 265 975 301 in
989 265 1183 302 liberanda
1194 266 1316 314 patria
1326 272 1383 304 est

199 317 432 362 interfectus,
453 328 531 353 non
543 316 618 354 duo
638 316 789 362 Decios,
809 318 872 366 qui
891 318 940 355 ad
957 319 1206 356 voluntariam
1225 325 1384 357 mortem

198 383 349 408 cursum
364 382 546 419 equorum
557 370 821 416 incitaverunt,
837 383 914 407 non
930 371 1104 409 Marcum
1118 372 1309 419 Attilium,
1319 373 1382 421 qui

200 424 249 461 ad
263 424 487 473 supplicium
506 428 563 462 est
581 424 780 473 profectus,
794 429 838 462 ut
853 425 965 461 fidem
979 426 1079 463 hosti
1093 426 1219 464 datam
1234 439 1383 463 conser-

198 483 316 524 varet,
336 490 414 514 non
433 478 510 515 duo
529 477 730 527 Scipiones,
752 478 816 527 qui
834 478 906 515 iter
926 478 1052 516 Poenis
1079 480 1139 516 vel
1164 480 1381 529 corporibus

203 532 279 568 suis
315 532 511 570 obstruere
549 532 762 578 voluerunt,
807 543 885 568 non
931 545 1042 569 avum
1078 537 1186 570 tuum
1223 533 1384 570 Lucium

200 585 385 631 Paullum,
407 586 470 634 qui
488 590 610 623 morte
637 586 708 623 luit
736 585 890 633 collcgae
911 585 951 621 in
972 586 1163 623 Cannensi
1175 587 1382 635 ignominia

198 639 462 684 temeritatem,
483 651 560 676 non
588 639 760 676 Marcum
789 639 1022 685 Marcellum,
1053 639 1159 688 cujus
1186 640 1382 678 interitum

198 705 245 730 ne
264 693 541 731 crudelissimus
560 693 711 741 quidem
729 692 847 730 hostis
874 692 1018 730 honore
1035 693 1238 742 sepulturae
1258 706 1384 732 carere

197 759 328 795 passus
347 752 416 792 est,
437 747 503 784 sed
521 747 684 794 legiones
702 751 862 792 nostras,
876 746 976 795 quod
994 747 1125 796 scripsi
1149 747 1191 783 in
1220 746 1383 798 Oriyini-

195 801 270 846 bus,
287 800 327 837 in
347 813 432 837 eum
451 813 550 849 saepe
568 801 691 837 locum
706 799 890 848 profectas
909 800 1023 838 alacri
1042 801 1167 838 animo
1186 805 1224 839 et
1243 807 1380 846 erecto,

197 854 299 891 unde
318 867 357 891 se
374 866 567 902 nunquam
586 853 772 891 redituras
791 854 1079 892 arbitrarentur.
1137 854 1253 899 Quod
1265 855 1383 903 igitur

196 908 463 953 adolescentes,
493 912 531 945 et
549 907 575 943 ii
595 907 744 955 quidem
764 919 842 944 non
861 908 981 945 solum
1005 907 1162 954 indocti,
1183 907 1251 945 sed
1269 908 1381 946 etiam

195 961 327 999 rustici
359 967 618 1007 contemnunt,
647 961 687 998 id
716 961 818 999 docti
845 974 950 998 senes
978 962 1222 1000 extimescent
1241 961 1261 999 ἒ)
1315 960 1380 1000 76.

199 1015 376 1061 Omnino,
407 1020 450 1052 ut
478 1015 569 1051 mihi
597 1015 748 1064 quidem
777 1016 938 1061 videtur,
973 1015 1184 1053 studiorum
1212 1015 1381 1052 omnium

196 1069 348 1107 satietas
384 1069 472 1106 vitae
510 1069 600 1106 facit
637 1068 862 1106 satietatem.
941 1069 1039 1107 Sunt
1071 1069 1242 1118 pueritiae
1280 1074 1381 1107 certe

197 1123 323 1160 studia
343 1137 351 1160 :
382 1135 473 1159 num
493 1123 611 1171 igitur
630 1136 673 1160 ea
691 1123 908 1161 desiderant
935 1123 1191 1161 adolescentes
1208 1123 1228 1160 ἶ)
1284 1122 1382 1160 Sunt

195 1183 234 1214 et
251 1177 416 1214 ineuntis
435 1171 696 1214 ‘adolescentiae
714 1189 722 1213 :
753 1189 844 1214 num
864 1189 907 1214 ea
926 1181 1103 1214 constans
1123 1175 1203 1224 jam
1222 1177 1380 1225 requirit

196 1237 298 1276 aetas,
315 1243 397 1279 quae
418 1230 540 1267 media
556 1231 695 1268 dicitur
709 1230 728 1267 ἶ)
784 1232 882 1267 Sunt
902 1231 1014 1268 etiam
1032 1229 1145 1279 hujus
1165 1230 1312 1268 aetatis:
1332 1243 1381 1267 ne

196 1297 239 1321 ea
257 1284 409 1333 quidem
430 1292 652 1332 quaeruntur
670 1297 692 1321 a
710 1290 918 1321 senectute.
976 1284 1074 1322 Sunt
1093 1289 1261 1321 extrema
1280 1295 1381 1332 quae-

195 1338 281 1375 dam
318 1338 444 1376 studia
481 1337 706 1375 senectutis:
739 1350 842 1386 ergo,
880 1343 923 1375 ut
958 1337 1191 1386 superiorum
1225 1342 1380 1375 aetatum

195 1392 320 1429 studia
339 1391 528 1435 occidunt,
558 1391 609 1428 sic
638 1393 816 1429 occidunt
852 1391 965 1428 etiam
993 1391 1210 1428 senectutis.
1266 1391 1380 1436 Quod

194 1458 309 1493 quum
347 1445 483 1490 evenit,
516 1445 667 1482 satietas
707 1446 794 1483 vitae
837 1450 984 1493 tempus
1021 1449 1210 1482 maturum
1247 1445 1379 1483 mortis

194 1499 314 1536 affert.

247 1552 356 1590 XXI.
387 1552 449 1591 77.
472 1552 658 1600 Equidem
678 1564 754 1590 non
774 1551 896 1597 video,
918 1565 995 1597 cur,
1016 1551 1106 1600 quid
1124 1552 1204 1601 ipse
1219 1552 1379 1590 sentiam

195 1608 242 1644 de
276 1612 409 1651 morte,
442 1619 520 1643 non
549 1607 707 1644 audeam
736 1606 840 1643 vobis
867 1606 1017 1650 dicere;
1049 1606 1150 1653 quod
1177 1618 1222 1643 eo
1249 1606 1381 1643 melius

193 1661 284 1697 mihi
317 1673 469 1697 cernere
496 1660 637 1706 videor,
659 1673 731 1708 quo
760 1660 807 1696 ab
837 1672 880 1696 ea
912 1660 1064 1709 propius
1093 1659 1236 1696 absum.
1292 1659 1378 1708 Ego

193 1721 336 1752 vestros
355 1721 491 1763 patres,
515 1714 628 1751 Publi
657 1714 794 1763 Scipio,
824 1718 950 1761 tuque,
972 1713 1040 1750 Cai
1060 1712 1165 1759 Laeli,
1185 1714 1284 1749 viros
1303 1713 1378 1750 cla-

193 1769 357 1805 rissimos
391 1768 555 1816 mihique
583 1768 834 1813 amicissimos,
863 1767 990 1804 vivere
1017 1766 1197 1811 arbitror;
1229 1772 1267 1813 et
1295 1779 1377 1804 eam

192 1822 341 1870 quidem
355 1822 482 1866 vitam,
497 1834 579 1870 quae
600 1827 657 1860 est
676 1822 754 1858 sola
768 1821 846 1858 vita
859 1820 1102 1858 nominanda.
1158 1820 1268 1864 Nam,
1286 1820 1375 1856 dum

194 1888 320 1913 sumus
339 1875 378 1911 in
397 1875 455 1912 his
482 1875 616 1913 inclusi
643 1875 885 1925 compagibus
912 1874 1089 1923 corporis,
1109 1885 1263 1910 munere
1282 1885 1374 1921 quo-

193 1930 279 1967 dam
292 1930 523 1967 necessitatis
539 1936 576 1967 et
595 1929 713 1978 gravis
733 1941 845 1978 opere
859 1927 1129 1978 perfungimur.
1187 1926 1256 1964 Est
1274 1928 1375 1964 enim

194 1984 339 2020 animus
356 1984 515 2021 caelestis
534 1995 582 2020 ex
601 1983 780 2021 altissimo
800 1981 988 2019 domicilio
1002 1981 1199 2029 depressus
1215 1986 1253 2019 et
1272 1982 1376 2029 quasi

194 2038 384 2074 demersus
402 2038 441 2073 in
459 2044 609 2083 terram,
628 2037 752 2074 locum
771 2036 908 2073 divinae
927 2039 1072 2072 naturae
1100 2035 1378 2082 aeternitatique

192 2090 434 2128 contrarium.
503 2090 577 2128 Sed
623 2091 747 2136 credo,
785 2089 890 2126 Deos
924 2087 1153 2126 immortales
1199 2088 1376 2137 sparsisse

193 2144 336 2182 animos
355 2143 395 2180 in
414 2156 571 2193 corpora
589 2144 763 2188 humana,
783 2148 825 2181 ut
844 2146 979 2187 essent,
1009 2141 1070 2190 qui
1088 2146 1206 2179 terras
1225 2147 1375 2179 tueren-

193 2203 267 2244 tur,
288 2197 433 2245 quique,
449 2197 652 2235 eaelestium
670 2197 840 2234 ordinem
859 2196 1168 2244 contemplantes,
1183 2195 1376 2233 imitaren-

195 2258 257 2290 tur
282 2263 368 2288 eum
397 2251 483 2288 vitae
511 2251 624 2288 modo
651 2255 762 2298 atque
790 2249 1013 2287 constantia.
1069 2247 1150 2286 Nec
1176 2260 1237 2286 me
1255 2249 1375 2285 solum

194 2306 290 2343 ratio
310 2316 352 2341 ac
371 2304 573 2353 disputatio
591 2304 751 2353 impulit,
769 2308 812 2341 ut
829 2304 883 2341 ita
903 2303 1104 2347 crederem,
1118 2301 1184 2339 sed
1199 2302 1375 2340 nobilitas

196 2360 308 2397 etiam
323 2369 549 2396 summorum
567 2357 886 2408 philosophorum,
906 2364 945 2395 et
964 2356 1173 2394 auotoritas.
