1496 2671
387 296 389 299 v
418 249 560 282 MAnci
586 250 735 284 TULLu
759 250 1000 284 crcnssoms

146 330 309 373 CATO
350 328 545 369 MAJOR
586 328 704 370 SEU
746 329 825 369 DE
867 331 1259 375 SENECTUTE.

670 436 718 457 AD

289 517 457 557 TITUM
486 517 811 556 POMPONIUM
840 519 1102 560 ATTICUM.

145 661 170 691 1.
216 660 246 689 1.
272 659 297 688 O
315 658 398 698 Tite,
413 659 439 689 si
454 660 527 700 quid
541 669 599 700 ego
614 660 734 698 adjuro,
749 670 896 691 curamve
911 658 1043 698 levasso,

270 701 350 736 Quae
365 711 448 732 nunc
463 707 494 733 te
509 703 615 742 coquit
629 707 660 733 et
675 707 787 742 versat,
802 703 833 734 in
850 703 1064 744 pectorofixa,

268 743 391 784 Ecquid
404 744 464 775 erit
478 745 567 785 pretii
584 745 598 775 2

101 799 203 837 Licet
220 801 320 836 enim
347 800 510 836 versibus
529 801 655 838 iisdem
678 801 764 838 mihi
793 801 894 839 affari
914 808 962 848 te,
986 801 1123 848 Attice,
1150 802 1283 851 quibus

95 855 226 892 affatur
244 853 494 890 Flamininum

267 918 324 950 Ille
339 918 396 958 vir,
411 920 494 950 haud
510 930 625 961 magna
639 930 711 951 cum
727 930 772 960 re,
787 921 841 952 sed
856 920 962 961 plenu'
975 920 1056 952 fidei.

97 978 325 1025 Quanquam
345 981 442 1012 certo
459 976 549 1020 scio,
564 988 651 1022 non,
671 985 710 1013 ut
729 976 994 1022 Flamininum,

260 1040 431 1072 Sollicitari
446 1044 488 1080 te,
504 1042 587 1080 Tite,
603 1041 646 1072 sic
663 1045 830 1082 noctesque
849 1041 987 1082 diesque.

94 1098 192 1136 Novi
211 1098 309 1133 enim
340 1096 624 1134 moderationem
655 1098 770 1134 animi
789 1098 838 1134 tui
868 1104 904 1134 et
923 1097 1143 1147 aequitatem,
1171 1102 1279 1146 teque

89 1164 163 1189 non
183 1161 389 1199 cognomen
410 1150 530 1187 solum
560 1149 718 1188 Athenis
737 1150 957 1200 deportasse,
978 1151 1041 1188 sed
1070 1150 1279 1188 humanita-

89 1212 163 1243 tem
182 1210 218 1241 et
234 1202 476 1253 prudentiam,
498 1203 664 1252 intelligo.
702 1203 754 1240 Et
770 1211 894 1241 tamen
913 1210 947 1240 te
966 1204 1132 1254 suspicor
1149 1203 1278 1242 iisdem

86 1259 207 1303 rebus,
236 1257 368 1306 quibus
405 1258 602 1306 meipsum,
637 1256 819 1295 interdum
849 1258 994 1307 gravius
1022 1259 1278 1297 commoveri:

87 1324 243 1362 quarum
266 1310 464 1348 consolatio
483 1316 520 1347 et
539 1309 655 1358 major
672 1317 738 1357 est,
757 1318 792 1348 et
811 1312 846 1348 in
877 1311 976 1347 aliud
994 1317 1140 1360 tempus
1170 1310 1276 1349 diffe-

87 1364 215 1402 renda.
271 1362 384 1401 Nunc
404 1370 527 1400 autem
546 1364 634 1401 mihi
654 1365 773 1402 visum
793 1371 848 1402 est
865 1365 910 1403 dc
927 1365 1118 1403 Senectute
1137 1365 1274 1413 aliquid

89 1418 134 1455 ad
153 1426 187 1454 te
207 1417 450 1454 conscribere.
506 1418 542 1455 53.
573 1417 658 1454 Hoc
673 1419 770 1455 enim
792 1430 911 1465 onere,
933 1417 1031 1467 quod
1044 1417 1133 1455 mihi
1152 1424 1274 1455 tecum

91 1483 289 1510 commune
326 1478 393 1516 est,
425 1477 489 1507 aut
517 1470 596 1519 jam
633 1472 790 1519 urgentis
826 1479 890 1508 aut
917 1479 1015 1508 certe
1043 1470 1275 1509 adventantis

87 1525 284 1563 senectutis
303 1533 339 1561 et
358 1531 392 1561 te
410 1530 447 1560 et
474 1525 658 1573 meipsum
677 1525 788 1562 levari
818 1525 914 1562 volo.
969 1524 1048 1562 Etsi
1067 1531 1102 1562 te
1128 1525 1276 1574 quidem

90 1578 123 1615 id
147 1577 289 1616 modice
316 1589 362 1614 ac
380 1578 575 1627 sapienter,
605 1579 697 1615 sicut
715 1578 852 1625 omnia,
872 1584 909 1616 et
937 1577 1029 1616 ferre
1057 1585 1092 1615 et
1119 1579 1274 1616 laturum

87 1644 169 1670 esse
206 1632 304 1668 certo
338 1631 427 1668 scio.
486 1630 557 1668 Sed
586 1631 686 1678 mihi,
717 1644 830 1680 quum
857 1631 902 1669 de
930 1638 1117 1670 senectute
1145 1631 1275 1682 aliquid

87 1686 219 1723 vellem
259 1684 428 1731 scribere,
466 1690 506 1721 tu
535 1685 753 1722 occurrebas
780 1685 909 1734 dignus
937 1698 982 1722 eo
1011 1698 1176 1731 munere,
1205 1699 1277 1735 quo

88 1746 240 1788 uterque
259 1744 422 1775 nostrum
452 1739 698 1776 communiter
716 1746 889 1776 uteretur.
946 1739 1040 1777 Mihi
1060 1739 1209 1788 quidem
1230 1742 1278 1776 ita

81 1792 249 1840 jucunda
286 1790 395 1841 hujus
423 1791 501 1828 libri
530 1792 711 1829 confectio
737 1792 817 1839 suit,
846 1800 884 1830 ut
910 1805 981 1829 non
1012 1793 1121 1830 modo
1150 1805 1279 1829 omnes

85 1845 289 1883 absterserit
333 1846 529 1883 senectutis
575 1846 771 1893 molestias,
813 1846 877 1883 sed
921 1847 1082 1883 effecerit
1128 1846 1275 1883 mollem

85 1900 196 1936 etiam
223 1905 261 1936 ct
291 1897 498 1948 jucundam
531 1906 773 1937 senectutem.
829 1899 1033 1948 Nunquam
1061 1900 1164 1948 igitur
1191 1903 1278 1937 satis

86 1952 225 1989 laudari
252 1951 357 2001 digne
384 1953 514 2002 poterit
539 1951 780 2003 philosophia,
811 1954 871 1990 cui
902 1953 962 2001 qui
999 1960 1137 2003 pareat,
1166 1965 1278 1990 omne

85 2013 230 2056 tempus
256 2005 369 2043 aetatis
397 2007 476 2043 sine
513 2007 680 2044 molestia
708 2008 821 2056 possit
848 2006 991 2055 degere.
1048 2007 1087 2044 3.
1118 2005 1192 2044 Sed
1228 2006 1273 2043 de

86 2060 216 2097 ceteris
233 2065 270 2096 et
288 2057 449 2097 diximus
467 2060 592 2106 multa,
622 2068 658 2097 et
677 2073 772 2110 saepe
793 2060 957 2098 dicemus
974 2073 983 2108 3
1012 2058 1114 2097 hunc
1141 2060 1275 2097 librum

83 2114 129 2152 de
146 2113 334 2152 Senectute
352 2113 398 2149 ad
425 2120 460 2150 te
484 2114 664 2152 misimus,
720 2114 882 2152 Omnem
911 2120 1034 2152 autem
1063 2125 1270 2151 sermonem

82 2167 276 2204 tribuimus
294 2177 365 2202 non
387 2165 558 2213 Tithono,
588 2173 626 2204 ut
652 2166 777 2205 Aristo
798 2167 929 2211 Chius,
958 2179 1003 2205 ne
1027 2179 1160 2217 parum
1179 2173 1275 2204 esset

90 2219 313 2258 auctoritatis
340 2219 377 2256 in
404 2219 555 2265 sabula3
584 2220 647 2258 sed
675 2220 808 2259 Marco
829 2221 960 2259 Catoni
990 2222 1083 2268 seni,
1101 2233 1175 2271 quo
1195 2233 1274 2258 ma-

84 2274 201 2323 jorem
231 2274 481 2311 auctoritatem
509 2272 659 2312 haberet
685 2276 824 2323 orati03
851 2275 950 2325 apud
978 2287 1089 2324 quem
1116 2274 1272 2312 Laelium

85 2335 122 2365 et
161 2327 372 2377 Scipionem
409 2327 566 2364 facimus
601 2327 959 2380 admirantem-,equod
987 2330 1018 2366 is
1052 2334 1128 2366 tam
1166 2328 1271 2364 facile

88 2387 314 2423 senectutem
348 2380 450 2430 serat,
486 2381 602 2432 iisque
627 2393 716 2419 eum
760 2382 1052 2432 respondentem.
1130 2382 1205 2428 Qui
1243 2381 1271 2418 si

634 2448 723 2489 A2
