1496 2671
274 146 324 184 44
622 147 786 185 LIBER
816 146 1092 193 QUARTUS.

274 254 498 292 Macedonas
512 254 721 300 trahebant,
738 269 865 294 rursus
877 257 1096 307 Apollonidi
1108 261 1146 296 et
1160 257 1437 307 Atfflnagorae,

273 321 422 346 suarum
458 307 619 357 partium
654 309 755 354 viris,
787 311 917 347 urbem
953 324 1038 348 eum
1073 311 1218 349 modico
1254 312 1441 362 praesidio

271 362 429 400 militum
448 361 578 399 tradit.
637 361 813 401 Praefecti
831 364 1038 401 Alexandri
1051 365 1091 402 in
1118 365 1312 403 obsidione
1337 366 1441 404 urbis

272 415 579 464 perseverabant:
608 428 684 453 non
703 422 779 454 tam
798 417 873 454 suis
893 418 1044 464 viribus,
1065 431 1174 468 quam
1193 419 1357 468 ipsorum
1376 419 1442 468 qui

276 469 542 507 obsidebantur
570 470 776 508 voluntate.
832 471 912 508 Nee
937 471 1068 509 fefellit
1096 472 1251 521 opini03
1281 485 1444 522 namque

272 524 370 561 inter
389 523 652 573 Apollonidem
671 530 709 561 et
728 524 840 561 duces
859 524 1018 562 militum
1038 531 1120 563 orta
1138 526 1283 572 seditio,
1304 526 1439 563 irrum-

271 576 384 625 pendi
400 577 437 613 in
454 577 583 614 urbem
602 578 832 615 occasionem
853 578 971 615 dedit.
1029 579 1230 628 Quumque
1247 585 1355 629 porta
1383 579 1436 617 ef-

272 630 389 668 fracta
407 631 539 668 cohors
559 631 808 668 Macedonum
827 631 1012 676 intrasset,
1033 632 1223 681 oppidani,¹
1243 633 1332 670 olim
1349 646 1438 671 eon-

270 684 352 721 silio
367 684 590 733 proditionis
605 685 760 733 agitato,
778 691 986 733 aggregant
1005 698 1044 722 se
1059 686 1289 736 Amphotero
1308 692 1347 725 et
1358 686 1439 724 He-

269 738 447 786 gelocho;
466 738 736 787 Persarumque
755 739 939 787 praesidio
954 751 1071 784 caeso,
1083 739 1341 778 Pharnabazus
1356 753 1439 778 cum

271 793 497 843 Apollonide
516 798 554 830 et
573 792 818 840 Athauagora
844 793 959 830 vincti
986 793 1188 831 traduntur
1206 807 1216 836 ;
1245 794 1440 837 duodecim

272 849 438 885 triremes
458 859 540 883 cum
561 859 628 883 suo
648 846 764 883 milite
783 859 825 883 ac
844 847 983 895 remige
1002 874 1012 891 ,
1042 852 1188 896 praeter
1205 860 1266 885 eas
1285 847 1440 897 triginta

270 903 399 938 inanes
428 906 465 938 et
497 900 642 948 piratici
680 899 803 945 lembi,
844 899 1144 950 Graecorumque
1173 902 1245 939 tria
1274 901 1390 938 millia
1420 914 1442 938 a

274 955 394 992 Persis
413 953 582 991 mercede
601 953 799 991 conducta.
854 953 927 990 His
946 953 986 990 in
1004 954 1301 1003 supplementum
1319 955 1441 1004 copia-

271 1022 353 1046 rum
389 1021 538 1046 suarum
571 1007 790 1052 distributis,
828 1007 1030 1056 piratisque
1074 1008 1254 1057 supplicio
1283 1007 1434 1054 affectis,

272 1063 436 1112 captivos
457 1061 614 1109 remiges
629 1061 796 1109 adjecere
816 1061 922 1098 classi
940 1074 1041 1099 suae.

324 1116 452 1153 XXII.
483 1115 596 1152 Forte
615 1115 849 1152 Aristonicus
869 1115 1218 1165 Methymnaeorum
1245 1120 1439 1165 tyrannus,

269 1184 351 1208 cum
371 1169 534 1220 piraticis
561 1168 727 1213 navibus,
757 1169 909 1217 ignarus
928 1168 1096 1220 omnium·
1112 1181 1206 1217 quae
1231 1169 1280 1206 ad
1300 1169 1435 1206 Chium

269 1230 351 1262 acta
379 1226 497 1267 erant,
526 1222 644 1272 prima
671 1222 797 1271 vigilia
823 1222 871 1259 ad
889 1228 1019 1272 portus
1045 1222 1206 1260 claustra
1232 1223 1437 1260 successit:

272 1280 596 1326 interrogatusque
616 1290 637 1313 a
656 1277 881 1320 custodibus,
898 1277 978 1324 quis
993 1281 1100 1320 esset,
1118 1276 1372 1314 Aristonicum
1389 1276 1438 1313 ad

273 1331 553 1370 Pharnabazum
573 1331 698 1366 venire
721 1330 926 1379 respondit.
980 1329 1039 1366 Illi
1059 1329 1340 1368 Pharnabazum
1359 1330 1441 1379 qui-

271 1388 355 1423 ‹lem
369 1386 448 1434 jam
468 1384 656 1433 quiescere
675 1390 711 1421 et
731 1396 806 1420 non
826 1396 932 1432 posse
951 1388 1030 1420 tum
1050 1383 1156 1428 adiri,
1187 1389 1352 1421 ceterum
1371 1396 1436 1433 pa-

271 1448 349 1478 tere
368 1439 469 1476 socio
488 1446 599 1484 atque
617 1437 753 1486 hospiti
776 1443 938 1486 portum,
959 1442 998 1474 et
1016 1442 1166 1485 postero
1185 1437 1246 1474 die
1273 1436 1439 1474 Pharna-

271 1494 350 1531 bazi
379 1493 521 1543 copiam
540 1491 619 1528 fore
638 1492 832 1528 affirmant.
891 1491 970 1527 Nec
989 1490 1175 1528 dubitavit
1201 1490 1438 1529 Aristonicus

270 1549 409 1597 primus
435 1547 598 1589 intrare;
629 1545 745 1582 secuti
764 1550 852 1582 sunt
881 1544 1012 1582 ducem
1040 1544 1186 1593 piratici
1213 1545 1353 1590 lembi3
1383 1558 1439 1590 ac,

270 1603 360 1639 dum
381 1601 568 1649 applicant
587 1599 736 1647 navigia
755 1598 935 1648 crepidini
953 1603 1094 1647 portus,
1115 1598 1287 1648 objicitur
1305 1611 1328 1636 a
1346 1598 1439 1648 vigi-

269 1657 365 1693 libus
384 1655 586 1692 claustrum
608 1666 615 1690 :
646 1659 684 1690 et
712 1653 774 1700 qui
802 1652 959 1701 proximi
977 1652 1224 1697 excubabant,
1243 1653 1290 1689 ab
1308 1652 1439 1690 iisdem

272 1711 510 1751 excitantem
540 1707 715 1755 nulloque
744 1719 789 1743 ex
816 1706 872 1742 his
899 1718 986 1742 auso
1014 1718 1234 1754 repugnare,
1264 1706 1435 1743 omnibus

271 1770 424 1801 catenae
438 1761 595 1810 injectae
613 1766 720 1797 sunt:
744 1759 975 1808 Amphotero
989 1759 1125 1796 deinde
1145 1759 1438 1808 Hegelochoque

271 1817 483 1855 traduntur.
541 1814 642 1851 Hinc
662 1813 884 1850 Macedones
896 1813 1073 1851 transiere
1088 1812 1306 1862 Mitylenen,
1327 1825 1438 1862 quam

274 1872 412 1908 Chares
433 1868 674 1907 Atheniensis
701 1880 819 1916 nuper
838 1874 1065 1916 occupatam,
1095 1867 1255 1904 duorum
1281 1867 1438 1904 millium

276 1926 467 1962 Persarum
485 1922 670 1972 praesidio
698 1922 873 1965 tenebat3
903 1920 968 1958 sed
987 1933 1102 1969 quum
1120 1920 1350 1958 obsidionem
1378 1926 1435 1958 to-

272 1980 390 2016 lerare
407 1989 484 2014 non
503 1982 637 2025 posset,
659 1976 750 2012 urbe
769 1975 919 2017 tradita,
936 1980 1065 2023 pactus
1084 1979 1127 2012 ut
1144 1974 1321 2012 incolumi
1339 1974 1441 2012 abire

275 2033 412 2077 liceret,
452 2030 618 2067 Imbrum
644 2029 752 2078 petit.
823 2028 972 2066 Deditis
1004 2027 1229 2080 Macedones
1265 2040 1439 2078 peperce-

275 2091 376 2123 runt.
1392 2114 1402 2128 ,

328 2138 477 2176 ΧΧΙΙΙ.
508 2136 546 2175 6.
575 2137 724 2183 Darius,
753 2136 947 2185 desperata
973 2148 1063 2185 pace
1081 2148 1192 2184 quam
1219 2148 1284 2185 per
1311 2135 1436 2174 literas

272 2196 489 2242 legatosque
515 2191 705 2240 impetrari
732 2202 837 2240 posse
874 2189 1094 2235 crediderat,
1133 2189 1181 2227 ad
1215 2188 1439 2239 reparandas

275 2248 369 2285 vires
388 2245 600 2293 bellumque
626 2244 782 2294 impigre
800 2243 1055 2280 renovandum
1081 2243 1246 2281 intendit
1263 2242 1438 2280 animum.

274 2302 400 2338 Duces
429 2311 518 2347 ergo
547 2298 734 2347 copiarum
761 2296 1004 2347 Babyloniam
1033 2297 1253 2341 convenire3
1283 2296 1438 2341 Bessum

275 2365 422 2405 quoque
443 2352 725 2390 Bactrianorum
744 2352 889 2397 ducem,
908 2364 1019 2400 quam
1038 2351 1199 2389 inaximo
1224 2353 1352 2400 posset·
1374 2361 1438 2386 ex-

273 2408 386 2449 ercitu
401 2411 542 2453 coacto,
558 2405 780 2444 descendere
796 2404 843 2442 ad
862 2418 901 2443 se
913 2404 1033 2454 jubet.
1090 2405 1187 2443 Sunt
1204 2407 1328 2446 autem
1344 2402 1438 2443 Bac÷
