1496 2671
289 174 338 212 36
637 174 802 213 LIBER
833 175 1104 221 QUARTUS.

287 282 358 320 hoc
391 283 510 319 acrius
545 281 677 321 furere.
731 284 786 321 At
812 283 886 329 ille,
915 283 1198 332 haudquaquam
1224 283 1327 322 rudis
1353 289 1451 323 trac-

286 336 392 373 tandi
410 336 586 373 militares
606 337 757 382 animos,
778 338 935 386 speciem
960 337 1030 374 sibi
1056 337 1231 375 Herculis
1257 337 1298 374 in
1325 350 1454 375 somno

287 390 448 428 oblatam
467 403 544 427 esse
562 392 796 440 pronunciat,
810 392 981 430 dextram
999 391 1224 440 porrigentis
1239 405 1248 429 ε
1266 391 1332 429 illo
1346 392 1452 438 duce,

291 444 356 480 illo
377 444 576 493 aperiente,
596 445 636 481 in
664 445 793 482 urbem
819 445 961 485 intrare
987 457 1026 482 se
1043 445 1176 482 visum.
1232 444 1336 483 Inter
1353 445 1456 491 haec,

286 497 546 535 caduceatores
579 498 808 544 interfectos,
835 498 1004 547 gentium
1025 498 1111 547 jura
1142 498 1289 545 violata,
1317 499 1454 536 refere-

284 552 379 588 bat:
409 562 520 589 unam
547 564 625 589 esse
653 553 782 589 urbem
820 565 914 601 quae
949 564 1096 590 cursum
1131 553 1282 591 vict-oris
1317 553 1453 590 morari

285 617 373 642 ausa
399 611 505 644 esset.
561 605 730 642 Ducibus
758 606 894 643 deinde
919 606 1113 654 negotium
1149 606 1269 652 datur,
1297 611 1341 645 ut
1368 619 1454 644 suos

285 659 436 708 quisque
476 660 660 708 castiget3
700 659 860 707 satisque
900 660 1070 697 omnibus
1113 659 1323 706 stimulatis,
1360 673 1453 710 opus

285 725 388 750 orsus
407 717 474 751 est.
530 713 671 762 Magna
696 714 751 750 vis
779 725 949 750 saxorum
977 714 1025 752 ad
1051 726 1203 751 manum
1230 718 1321 757 erat,
1351 713 1454 764 Tyro

283 772 408 804 vetere
426 767 627 816 praebente
646 781 655 811 ;
684 768 855 805 materies
874 779 920 804 ex
939 767 1084 805 Libano
1102 772 1229 805 monte
1254 767 1398 805 ratibus
1417 772 1454 805 et

280 821 445 858 turribus
464 821 641 858 faciendis
660 822 878 858 vehebatur.

334 874 380 911 X.
410 874 570 923 Jamque
598 888 620 911 a
648 874 766 911 fundo
793 876 904 911 maris
936 874 975 911 in
1002 874 1239 913 altitudinem
1266 874 1450 912 modicam

280 940 373 976 opus
392 933 605 965 excreverat
621 942 628 965 :
651 929 818 965 nondum
836 935 961 965 tamen
980 941 1097 978 aquae
1113 929 1304 978 fastigium
1317 940 1451 977 aequa—

280 983 345 1018 bat
366 995 374 1025 ;
397 987 434 1018 et
454 993 527 1029 quo
545 982 693 1030 longius
711 982 825 1019 moles
854 983 1034 1031 agebatur
1053 996 1075 1020 a
1091 983 1212 1028 litore,
1231 982 1303 1020 hoc
1319 982 1449 1030 magis,

280 1035 461 1083 quidquid
475 1036 725 1083 ingerebatur,
742 1036 947 1084 praealtum
963 1037 1184 1074 absorbebat
1197 1048 1316 1074 mare:
1337 1047 1451 1084 quum

283 1089 399 1139 Tyrii,
419 1090 542 1138 parvis
561 1090 718 1138 navigiis
738 1090 907 1136 admotis,
928 1103 994 1139 per
1020 1090 1224 1127 ludibrium
1251 1090 1450 1139 exprobra-

280 1144 382 1188 bant,
412 1143 495 1179 illos
522 1144 632 1180 armis
659 1143 819 1193 inclytos
852 1144 974 1190 dorso,
1002 1145 1097 1182 sicut
1126 1144 1307 1192 jumenta,
1337 1155 1451 1180 onera

280 1203 426 1245 gestare
445 1210 452 1240 3
483 1197 766 1246 interrogabant
785 1198 908 1243 etiam,
929 1210 1017 1234 num
1043 1197 1161 1247 major
1188 1197 1367 1247 Neptuno
1388 1209 1450 1248 ps-

281 1258 336 1288 set
353 1251 569 1287 Alexander
583 1251 602 1288 ἶ)
657 1251 763 1288 Haec
790 1251 868 1300 ipsa
894 1252 1090 1289 insectatio
1109 1251 1338 1289 alacritatem
1354 1250 1452 1287 mili-

280 1311 361 1342 tum
374 1305 558 1342 accendit.
599 1305 759 1353 Jamque
772 1305 964 1354 paululum
979 1306 1094 1342 moles
1107 1317 1240 1355 aquam
1252 1304 1449 1350 eminebat,

281 1365 318 1396 et
336 1359 444 1396 simul
464 1359 610 1406 aggeris
630 1358 789 1396 latitudo
817 1360 1016 1404 crescebat,
1045 1359 1202 1408 urbique
1229 1359 1450 1395 admoveba-

279 1419 362 1456 tur3
383 1425 467 1449 cum
488 1412 605 1461 Tyrii,
626 1412 884 1461 magnitudine
903 1413 1021 1458 molis,
1052 1413 1156 1462 cujus
1182 1412 1451 1449 incrementum

280 1479 342 1504 eos
370 1473 457 1503 ante
476 1465 667 1511 fefellerat,
698 1472 908 1515 conspecta,
928 1466 1071 1503 levibus
1099 1465 1257 1514 navigiis
1283 1465 1451 1502 nondum

280 1520 512 1557 commissum
541 1532 634 1568 opus
663 1520 856 1556 circumire
884 1526 1115 1570 coeperunt3
1152 1519 1351 1556 missilibus
1387 1532 1452 1556 eos

280 1586 424 1622 quoque
451 1573 514 1621 qui
541 1586 608 1622 pro
638 1586 748 1623 opere
777 1574 926 1611 stabant
953 1575 1145 1612 incessere.
1203 1573 1333 1611 Multis
1360 1585 1451 1621 ergo

279 1629 430 1676 impune
444 1627 658 1673 vulneratis,
675 1640 760 1664 cum
779 1634 817 1665 et
830 1640 1020 1665 removere
1039 1634 1076 1666 et
1095 1627 1277 1678 appellere
1296 1627 1451 1676 scaphas

278 1682 318 1717 in
337 1681 512 1730 expedito
532 1687 638 1723 esset,
660 1681 707 1717 ad
736 1693 862 1718 curam
882 1682 1097 1731 semetipsos
1115 1681 1245 1719 tuendi
1264 1681 1310 1718 ab
1338 1693 1451 1729 opere

280 1740 554 1772 converterant.
627 1734 747 1783 Igitur
774 1748 840 1771 rex
880 1735 1133 1772 munientibus
1169 1734 1269 1771 coria
1295 1733 1450 1782 velaque

273 1789 385 1837 jussit
405 1788 571 1834 obtendi,
591 1796 634 1825 ut
662 1796 768 1825 extra
785 1789 850 1825 teli
867 1789 983 1826 ictum
1002 1797 1147 1832 essent3
1177 1788 1342 1836 duasque
1369 1793 1448 1825 tur-

277 1855 337 1879 res
354 1854 400 1879 ex
419 1842 539 1891 capite
558 1842 664 1879 molis
683 1842 812 1888 erexit,
829 1855 850 1879 e
869 1843 1002 1892 quibus
1020 1843 1060 1879 in
1074 1843 1276 1880 subeuntes
1295 1842 1449 1891 scaphas

277 1896 352 1934 tela
369 1896 491 1945 ingeri
508 1901 669 1944 possent.
727 1896 878 1941 Contra,
897 1896 1003 1946 Tyrii
1020 1896 1169 1945 navigia
1181 1895 1311 1944 procul
1325 1908 1347 1932 a
1361 1907 1449 1932 con·

279 1954 408 2000 spectu
436 1949 599 1986 hostium
627 1950 727 1987 litori
761 1950 963 1999 appellunt,
993 1951 1242 2000 expositisque
1268 1949 1449 1986 militibus

278 2017 340 2041 eos
367 2003 431 2053 qui
457 2016 546 2040 saxa
570 2004 769 2052 gestabant
787 2005 1022 2041 obtruncant.
1078 2003 1122 2040 In
1141 2003 1287 2040 Libano
1305 2014 1448 2051 quoque

276 2058 446 2094 Arabum
482 2065 656 2107 agrestes,
694 2058 955 2106 incompositos
1000 2058 1235 2095 Macedonas.
1270 2057 1447 2105 aggressi,

278 2112 434 2160 triginta
451 2111 528 2147 fere
545 2111 786 2157 interficiunt,
810 2111 1044 2160 paucioribus
1063 2112 1194 2161 captis.
1247 2110 1284 2148 3.
1315 2110 1372 2147 Ea.
1389 2122 1447 2147 res

278 2164 537 2201 Alexandrum
555 2165 721 2202 dividere
740 2166 863 2213 copias
883 2165 1019 2214 coegit.
1076 2165 1128 2203 Et
1146 2178 1194 2202 ne
1207 2163 1372 2217 segniter
1390 2176 1446 2201 as-

279 2218 398 2255 sidere
417 2218 481 2254 uni
499 2218 583 2254 urbi
601 2218 803 2263 videretur,
823 2219 925 2268 operi
946 2219 1164 2256 Perdiccam
1180 2219 1448 2266 Craterumque

277 2271 475 2321 praefecit3
502 2271 582 2320 ipse
600 2284 685 2308 cum
703 2272 876 2321 expedita
894 2285 1007 2310 manu
1025 2272 1202 2310 Arabiam
1221 2271 1342 2321 petiit.

331 2324 402 2362 XI.
444 2324 547 2362 Inter
586 2325 677 2362 haec
712 2326 816 2375 Tyrii
853 2339 985 2364 navem
1013 2327 1273 2376 magnitudine
1299 2323 1444 2369 eximia,

280 2379 376 2416 saxis
403 2390 586 2426 arenaque
611 2391 634 2416 a
659 2380 775 2429 puppi
801 2386 1003 2426 oneratam,
1023 2380 1077 2418 ita
1096 2386 1138 2418 ut
1157 2381 1313 2417 multum
1334 2389 1446 2427 prora

279 2433 468 2479 emineret,
487 2433 670 2470 bitumine
688 2446 731 2471 ac
749 2434 927 2485 sulphure
943 2434 1087 2481 illitam,
1107 2434 1218 2471 remis
1236 2432 1444 2469 concitave-
