1496 2671
431 131 596 170 LIBER
625 131 871 171 TERTIUS.
1187 134 1236 174 17

72 240 129 278 rio
147 240 293 285 factum,
315 238 503 277 delituisse
521 240 619 277 inter
647 239 837 287 angustias
856 239 970 278 saltus
989 240 1064 280 ritu
1091 241 1239 292 ignobi-

73 294 164 331 lium
197 294 365 337 ferarum,
406 305 510 342 quae,
549 293 706 342 strepitu
747 294 1061 341 praetereuntium
1098 295 1237 340 audito,

75 347 254 397 sylvarum
274 345 424 384 latebris
452 359 490 383 se
517 342 771 384 occuluerint:
801 346 888 383 Jam
915 347 1025 385 etiam
1053 349 1237 388 valetudi-

74 401 130 438 nis
148 399 380 437 simulatione
405 398 573 437 frustrari
601 412 685 437 suos
712 399 858 444 milites,
888 400 953 437 sed
980 414 1055 439 non
1083 402 1239 453 amplius

72 454 190 503 ipsum
226 464 304 490 esse
339 454 555 502 passurum*
593 453 800 491 detrectare
837 457 1043 499 certamem
1091 457 1130 493 in
1174 456 1238 493 illo

72 518 194 556 specu,
231 506 269 542 in
307 519 416 556 quem
444 507 571 557 pavidi
597 507 843 552 recessissent,
873 519 1132 556 oppressurum
1161 522 1238 547 esse

71 563 299 598 cunctantes,

123 613 227 650 XIX.
283 613 389 651 Haec
403 614 697 663 magnificentius
710 613 853 662 jactata
867 627 975 663 quam
994 615 1127 652 verius.
1168 616 1238 653 Ce-

70 672 201 713 terum,
221 668 378 716 pecunia
397 668 496 704 omni
514 668 697 716 rebusque
714 667 984 717 pretiosissimis
1013 669 1237 706 Damascum

72 720 200 771 Syriae
227 733 310 758 cum
337 721 482 758 modico
510 721 693 770 praesidio
729 721 889 758 militum
916 721 1045 768 missis,
1079 722 1239 772 reliquas

70 774 193 823 copias
211 774 251 810 in
271 774 437 811 Ciliciam
457 774 575 820 duxit,
605 774 884 823 insequentibus
903 787 1004 812 more
1030 776 1151 825 patrio
1170 788 1235 824 ag-

70 840 155 865 men
172 827 333 877 conjuge
351 832 389 865 et
406 835 524 866 matre
544 841 552 873 ;
582 828 744 876 virgines
762 841 909 877 quoque
927 842 1011 866 cum
1028 842 1142 878 parvo
1161 829 1236 866 fflio

69 881 344 919 comitabantur
357 886 515 930 patrem.
557 881 670 919 Forte
690 881 818 918 eadem
837 888 948 920 nocte
966 887 1004 920 et
1022 883 1237 920 Alexander

72 935 116 971 ad
137 934 260 972 fauces
288 935 421 984 quibus
442 935 550 984 Syria
577 935 712 980 aditur,
733 940 771 973 et
785 935 924 972 Darius
943 936 990 973 ad
1010 949 1092 973 eum
1113 937 1235 974 locum

71 1001 180 1037 quem
208 988 406 1026 Amanicas
436 988 547 1038 Pylas
575 993 721 1033 vocant,
751 989 932 1038 pervenit.
989 990 1069 1027 Nec
1089 990 1237 1028 dubita-

71 1055 157 1079 vere
194 1041 338 1087 Persae,
369 1042 468 1091 quin,
498 1041 577 1079 Isso
603 1042 733 1079 relicta
760 1055 869 1091 quam
898 1049 1083 1093 ceperant,
1113 1044 1237 1081 Mace-

71 1096 186 1133 dones
200 1095 383 1144 fugerent.
439 1096 536 1132 Nam
551 1096 663 1134 etiam
690 1095 803 1132 saucii
831 1096 979 1144 quidam
1008 1102 1045 1134 et
1072 1097 1236 1142 invalidi,

70 1149 134 1197 qui
149 1161 282 1197 agmen
301 1161 377 1186 non
396 1153 569 1198 poterant
594 1149 775 1198 persequi,
797 1150 940 1198 excepti
959 1155 1076 1188 erant.
1134 1151 1238 1196 Quos

69 1213 207 1247 omnes,
236 1202 416 1240 instinctu
443 1207 742 1251 purpuratorum,
771 1203 926 1240 barbara
950 1203 1096 1242 feritate
1123 1205 1239 1242 saevi-

71 1256 223 1301 entium,
256 1255 429 1304 praecisis
461 1256 675 1304 adustisque
707 1256 893 1302 manibus,
922 1257 1160 1304 circumduci,
1196 1263 1239 1296 ut

71 1309 194 1356 copias
213 1322 296 1347 suas
322 1315 528 1355 noscerent,
558 1309 719 1359 satisque
747 1310 917 1346 omnibus
936 1311 1121 1359 spectatis,
1142 1324 1239 1349 nun-

73 1363 170 1400 ciare
189 1375 283 1412 quae
301 1363 480 1401 vidissent
498 1363 578 1412 regi
596 1375 661 1400 suo
675 1362 800 1411 jussit.
857 1362 971 1401 Motis
990 1377 1079 1413 ergo
1099 1365 1239 1410 castris,

74 1421 223 1465 superat
243 1416 419 1454 Pinarum
438 1429 593 1462 amnem,
613 1416 653 1452 in
671 1417 798 1465 tergis,
819 1421 862 1454 ut
881 1417 1066 1464 credebat,
1095 1418 1241 1467 fugien-

73 1470 165 1507 tium
184 1469 372 1507 haesurus.
429 1470 482 1508 At
500 1469 555 1506 illi
583 1482 739 1518 quorum
759 1475 1012 1519 amputaverat
1030 1484 1173 1518 manus,
1193 1471 1241 1509 ad

76 1534 196 1561 castra
215 1523 463 1561 Macedonum
482 1528 690 1573 penetrant,
717 1523 886 1569 Darium,
915 1529 1054 1573 quanto
1081 1525 1241 1563 maximo

76 1590 182 1614 eursu
210 1581 346 1626 posset,
375 1577 476 1625 sequi
502 1577 734 1614 nunciantes.
792 1577 866 1613 Vix
891 1578 983 1615 fides
1009 1579 1238 1624 l1abebatur3

75 1631 199 1678 itiaque
233 1630 480 1679 speculatores
516 1631 555 1667 in
583 1630 783 1668 maritimas
819 1631 988 1680 regiones
1023 1633 1241 1682 praemissos

76 1684 268 1733 explorare
293 1684 414 1733 jubet,
452 1684 578 1733 ipsene
605 1684 750 1722 adesset
787 1697 834 1721 an
870 1686 1138 1734 praefectorum
1175 1687 1242 1724 ali-

76 1738 158 1786 quis
185 1738 342 1787 speciem
378 1738 605 1787 praebuisset
633 1738 795 1774 universi
831 1739 1013 1777 venientis
1041 1741 1243 1778 exercitus.

79 1791 153 1829 Sed
197 1803 310 1839 quum
347 1792 593 1841 speculatores
628 1796 913 1838 reverterentur,
948 1793 1077 1841 procul
1112 1794 1246 1842 ingens

77 1844 279 1883 multitudo
298 1850 493 1895 conspecta
512 1849 591 1888 est3
612 1844 717 1894 ignes
744 1845 880 1882 deinde
907 1846 995 1883 totis
1014 1847 1151 1896 campis
1171 1847 1246 1885 col-

78 1898 200 1936 lucere
228 1904 441 1948 coeperunt,
480 1899 675 1946 omniaque
711 1898 813 1936 velut
841 1899 1048 1937 continenti
1074 1901 1248 1938 incendio

80 1951 209 1989 ardere
227 1952 315 1996 visa,
335 1965 448 2001 quum
462 1952 654 1990 incondita
671 1952 884 1998 multitudo,
913 1953 1071 1991 maxime
1097 1959 1248 2004 propter

78 2005 259 2054 jumenta,
286 2005 406 2044 laxius
433 2006 619 2044 tenderet.
675 2005 804 2054 Itaque
832 2019 876 2042 eo
903 2006 984 2056 ipso
1010 2007 1091 2044 loco
1118 2008 1248 2046 metari

85 2070 169 2095 suos
188 2063 307 2096 castra
319 2059 491 2109 jusserat,
512 2060 643 2104 laetus,
665 2059 764 2107 quod
783 2059 883 2096 omni
901 2060 1130 2110 expetiverat
1148 2067 1247 2107 voto,

85 2111 123 2149 in
142 2111 214 2148 illis
232 2112 461 2162 potissimum
479 2113 659 2162 angustiis
674 2113 947 2150 decernendum
966 2113 1057 2151 fore.

138 2165 224 2202 XX.
257 2165 441 2213 Ceterum,
461 2172 504 2205 ut
523 2167 616 2205 solet
633 2167 724 2210 fieri,
746 2178 859 2215 quum
877 2167 1000 2205 ultimi
1029 2168 1250 2207 discriminis

88 2222 233 2268 tempus
261 2219 450 2265 adventat,
487 2221 527 2257 in
558 2220 830 2258 solicitudinem
868 2234 973 2259 versa
1008 2222 1145 2260 fiducia
1180 2226 1248 2262 est.

91 2272 196 2309 Illam
223 2272 339 2322 ipsam
367 2273 566 2321 fortunam,
593 2286 665 2323 qua
687 2274 873 2324 aspirante
891 2287 949 2312 res
976 2280 1053 2313 tam
1081 2289 1253 2326 prospere

128 2366 141 2381 ‘
160 2364 182 2393 i.
194 2373 216 2394 e.
236 2363 277 2395 Se
291 2363 456 2405 (Darium)
477 2374 538 2396 non
559 2374 720 2405 passurum
742 2374 811 2397 esse
834 2365 932 2407 ipsum
956 2366 1212 2409 (Alexandrum.)

629 2421 704 2458 B2
