1496 2671
193 224 240 260 18
528 223 572 261 C.
602 223 756 262 JULII
786 223 1044 263 CAESARIS

190 329 343 366 AEduos
382 341 593 378 eorumque
628 331 787 369 clientes
807 332 925 370 semel
953 338 1068 381 atque
1096 332 1238 370 iterum
1266 333 1385 370 armis

189 383 433 420 contendisse
451 399 461 428 ;
503 397 681 433 magnam
719 385 975 423 calamitatem
1013 386 1143 435 pulsos
1178 386 1388 435 accepisse,

189 448 340 473 omnem
359 437 610 482 nobilitatem,
632 451 781 475 omnem
798 445 985 484 senatum,
1001 452 1153 477 omnem
1167 440 1384 488 equitatum

189 489 373 527 amisisse.
434 490 584 537 Quibus
603 492 749 540 proeliis
769 493 1128 541 calamitatibusque
1142 493 1295 538 fractos,
1315 492 1384 542 qui

189 549 228 579 et
248 542 317 581 sua
335 545 483 582 virtute
503 551 540 582 et
560 545 691 594 populi
712 546 877 583 Romani
897 546 1065 595 hospitio
1083 553 1198 594 atque
1213 544 1386 584 amicitia,

189 597 400 644 plurimum
434 603 523 637 ante
555 599 596 635 in
627 597 757 636 Gallia
786 599 1012 648 potuissent,
1040 607 1190 637 coactos
1209 612 1292 637 esse
1315 599 1384 638 Se-

189 651 327 698 quanis
346 652 498 689 obsides
526 652 627 697 dare,
662 652 920 690 nobilissimos
953 652 1135 697 civitatis,
1167 658 1206 690 et
1231 652 1385 702 jureju-

188 705 309 742 rando
329 705 528 743 civitatem
547 706 800 754 obstringere,
822 718 904 743 sese
925 718 1050 755 neque
1069 706 1221 743 obsides
1239 707 1383 755 repeti-

188 763 310 804 turos,
329 771 454 807 neque
478 760 667 796 auxilium
688 772 709 795 a
728 759 870 808 populo
899 757 1072 797 Romano
1098 759 1383 808 imploraturos,

188 823 314 859 neque
347 819 601 855 recusaturos,
638 825 714 861 quo
746 813 876 850 minus
909 819 1096 862 perpetuo
1127 814 1200 850 sub
1229 813 1385 850 illorum

188 865 335 902 ditione
364 872 479 913 atque
507 866 670 914 imperio
695 871 834 903 essent.
892 866 1028 903 Unum
1048 879 1088 903 se
1109 879 1191 904 esse
1209 877 1264 903 ex
1280 867 1385 904 omni

189 919 348 956 civitate
364 919 599 963 AEduorum,
628 919 694 967 qui
716 919 855 956 adduci
874 932 951 956 non
971 920 1153 967 potuerit,
1175 926 1218 956 ut
1230 919 1386 968 juraret

189 978 256 1008 aut
276 984 364 1009 suos
384 972 525 1009 liberos
545 973 696 1009 obsides
710 973 829 1010 daret.
889 972 951 1010 Ob
971 985 1054 1010 eam
1069 985 1150 1010 rem
1165 985 1204 1010 se
1219 985 1270 1010 ex
1286 973 1386 1010 civi-

188 1031 268 1062 tate
289 1026 504 1074 profugisse
524 1032 563 1063 et
583 1023 743 1063 Romam
763 1027 810 1063 ad
823 1032 999 1063 senat-um
1016 1027 1178 1071 venisse,
1195 1026 1387 1064 auxilium

187 1079 435 1128 postulatum,
466 1080 568 1128 quod
597 1080 699 1116 solus
728 1092 852 1128 neque
864 1079 1120 1128 jurejurando
1139 1092 1264 1128 neque
1282 1080 1386 1118 obsi-

189 1133 302 1170 dibus
322 1140 530 1170 teneretur.
591 1131 664 1170 Sed
684 1132 794 1182 pejus
813 1134 1026 1171 victoribus
1049 1133 1249 1182 Sequanis,
1270 1145 1388 1182 quam

190 1186 335 1224 AEduis
356 1187 468 1229 victis
489 1187 688 1224 accidisse:
711 1198 912 1236 propterea
931 1187 1035 1235 quod
1054 1187 1294 1231 Ariovistus,
1313 1199 1387 1224 rex

191 1239 488 1284 Germanorum,
510 1242 551 1276 in
571 1253 705 1277 eorum
724 1241 867 1278 finibus
886 1240 1131 1285 consedisset,
1154 1240 1387 1289 tertiamque

190 1300 340 1343 partem
367 1295 451 1343 agri
489 1294 669 1342 Sequani,
702 1295 769 1341 qui
788 1299 888 1331 esset
907 1293 1075 1342 optimus
1095 1294 1213 1331 totius
1234 1292 1384 1338 Galliae,

190 1348 469 1396 occupavisset,
502 1354 540 1384 et
571 1360 674 1384 nunc
706 1348 754 1384 de
782 1347 903 1384 altera
922 1352 1031 1395 parte
1050 1345 1167 1384 tertia
1189 1346 1388 1395 Sequanos

190 1402 374 1438 decedere
387 1400 556 1448 juberet,
579 1406 782 1449 propterea
809 1401 912 1448 quod
931 1400 1064 1448 paucis
1083 1400 1280 1437 mensibus
1297 1405 1388 1437 ante

192 1454 399 1491 Harudum
418 1454 538 1491 millia
567 1455 766 1490 hominum
794 1453 944 1490 XXIV
977 1454 1026 1490 ad
1059 1465 1146 1491 eum
1175 1454 1388 1500 venissent,

190 1508 332 1556 quibus
351 1508 457 1545 locus
478 1520 521 1544 ac
543 1508 651 1544 sedes
672 1513 913 1555 pararentur.
970 1507 1164 1544 Futurum
1183 1519 1266 1544 esse
1291 1519 1387 1556 pau-

191 1562 247 1598 cis
268 1562 389 1604 annis,
412 1561 469 1597 uti
485 1573 616 1598 omnes
633 1574 682 1597 ex
698 1558 832 1597 Galliae
846 1561 987 1597 finibus
1002 1560 1249 1609 pellerentur,
1269 1567 1387 1609 atque

191 1627 323 1652 omnes
345 1613 533 1652 Germani
564 1615 745 1651 Rhenum
773 1615 999 1651 transirent:
1029 1626 1153 1662 neque
1173 1614 1276 1651 enim
1295 1626 1386 1651 con-

191 1668 393 1705 serendum
413 1681 494 1705 esse
517 1668 711 1705 Gallicum
730 1680 816 1704 cum
839 1665 1119 1704 Germanorum
1140 1680 1244 1716 agro,
1262 1679 1388 1716 neque

191 1722 290 1759 hanc
299 1722 615 1759 consuetudinem
627 1721 755 1758 victuS
766 1734 853 1758 cum
862 1721 929 1757 illa
939 1721 1244 1768 comparandam.
1272 1720 1386 1757 Ario-

191 1776 338 1812 vistum
352 1780 492 1820 autem,
515 1781 557 1811 ut
578 1775 694 1812 semel
715 1774 918 1812 Gallorum
939 1775 1067 1823 copias
1082 1774 1216 1822 proelio
1235 1774 1384 1818 vicerit,

191 1829 294 1878 quod
328 1829 507 1877 proelium
536 1828 681 1866 factum
703 1828 752 1864 sit
780 1829 826 1864 ad
848 1826 1141 1876 Magetobriam,
1163 1828 1328 1876 superbe
1347 1833 1387 1864 et

192 1882 398 1919 crudeliter
413 1882 617 1931 imperare,
633 1882 783 1919 obsides
799 1880 1028 1918 nobilissimi
1043 1879 1231 1928 cujusque
1245 1880 1387 1918 liberos

194 1948 364 1984 poscere,
379 1936 472 1973 etin
489 1948 553 1973 eos
573 1936 701 1972 omnia
721 1934 897 1983 exempla
916 1934 1182 1981 cruciatusque
1201 1934 1326 1978 edere,
1356 1934 1389 1971 si

191 2003 267 2038 qua
287 2002 348 2027 res
369 2002 445 2026 non
466 1990 514 2026 ad
534 1995 671 2025 nutum
691 1996 758 2025 ant
778 1989 824 2025 ad
846 1989 1084 2024 voluntatem
1103 1988 1186 2034 ejus
1200 1987 1303 2024 facta
1321 1987 1386 2024 sit:

192 2043 388 2080 hominem
407 2055 490 2080 esse
508 2043 728 2084 barbarum,
748 2042 987 2085 iracundum,
1018 2040 1281 2077 temerarium:
1310 2053 1389 2077 non

192 2108 305 2145 posse
334 2096 416 2144 ejus
444 2096 608 2144 imperia
635 2096 782 2132 diutius
811 2094 1004 2131 sustineri.
1063 2094 1153 2131 Nisi
1174 2094 1206 2130 si
1225 2094 1320 2142 quid
1346 2094 1388 2130 in

195 2148 347 2187 Caesare
375 2150 593 2198 populoque
621 2149 795 2186 Romano
824 2149 874 2184 sit
893 2147 1042 2191 auxilii,
1063 2147 1241 2184 omnibus
1263 2146 1389 2184 Gallis

193 2203 296 2239 idem
324 2215 407 2239 esse
435 2202 670 2246 faciundum,
701 2202 804 2250 quod
825 2201 998 2238 Helvetii
1018 2200 1193 2243 fecerint,
1213 2206 1256 2238 ut
1275 2201 1388 2238 domo

195 2256 396 2305 emigrent,
419 2256 524 2292 aliud
544 2255 791 2300 domicilium,
813 2255 907 2291 alias
927 2255 1046 2299 sedes,
1062 2261 1230 2292 remotas
1249 2266 1270 2291 a
1291 2251 1387 2291 Ger—

194 2310 332 2355 manis,
352 2314 496 2358 petant,
518 2308 798 2356 fortunamque,
821 2320 1071 2356 quaecumque
1090 2308 1248 2353 accidat,
1269 2317 1387 2355 expe-

194 2363 358 2399 riantur.
417 2362 514 2398 Haec
534 2362 564 2398 si
586 2362 790 2399 enunciata
810 2359 1011 2398 Aiiovisto
1044 2361 1133 2406 sint,
1167 2373 1244 2397 non
1273 2359 1385 2396 dubi·

195 2424 290 2462 tale,
312 2415 407 2465 quin
426 2416 473 2452 de
506 2416 685 2452 omnibus
718 2415 928 2460 obsidibus,
963 2414 1030 2462 qui
1060 2415 1163 2464 apud
1190 2425 1277 2451 eum
1296 2413 1385 2459 sint,

196 2469 468 2517 gravissimum
498 2469 728 2517 suppli‹ium
760 2475 896 2506 sumat
955 2467 1144 2506 Caesarem
1174 2466 1234 2505 vel
1255 2471 1386 2503 aucto-
