1496 2671
436 117 743 157 AGRICOLAE
771 117 915 156 VITA„
1030 159 1032 162 ,
1249 117 1273 155 9

88 239 216 276 agens,
235 227 478 265 callidItatem
497 225 568 262 fori
587 237 663 262 non
679 229 866 262 exerceat.
913 223 1093 272 Agricola
1110 223 1274 260 naturali

89 281 302 329 prudentia,
323 279 493 328 quamvis
507 278 607 316 inter
626 282 788 326 togatos,
805 277 913 314 facile
926 277 1106 326 justeque
1124 276 1275 325 agebat.

86 333 174 371 Jam
195 346 283 371 vero
302 337 472 381 tempora
487 343 661 368 curarum
681 331 1016 379 remissionumque
1035 330 1154 367 divisa.
1174 343 1183 367 :
1213 329 1277 367 ubi

85 392 292 425 conventus
306 398 349 423 ac
361 385 507 434 judicia
523 389 730 434 poscerent,
752 385 888 432 gravis,
909 384 1090 430 intentus,
1112 395 1273 428 severus,

92 443 130 478 et
150 439 290 484 saepius
308 439 516 476 misericors
537 452 545 476 :
573 438 639 475 ubi
658 437 778 474 officio
792 437 1035 483 satisfactum,
1056 437 1161 474 nulla
1180 436 1279 474 ultra

87 493 283 541 potestatis
291 505 451 542 persona
469 506 477 530 :
492 491 697 537 tristitiam,
711 497 749 528 et
762 491 1028 539 arrogantiam,
1038 495 1076 528 et
1084 490 1278 528 avaritiam

84 551 260 584 exuerat:
291 559 360 584 nec
391 546 457 592 illi,
497 545 599 595 quod
636 550 692 582 est
727 544 971 590 rarissimum,
1011 549 1078 582 aut
1105 544 1266 581 facilitas

83 599 357 645 auctoritatem,
394 605 461 637 aut
497 599 674 636 severitas
710 609 876 634 amorem
910 597 1109 635 deminuit.
1168 597 1271 634 Inte-

84 652 262 701 gritatcm
282 657 395 701 atque
415 652 681 690 abstinentiam
699 651 738 688 in
759 655 867 688 tanto
887 651 966 688 viro
979 651 1131 695 referre,
1144 649 1280 698 injuria

84 705 266 743 virtutum
294 706 422 744 fuerit.
477 707 537 742 Ne
572 706 707 742 famam
745 704 909 753 quidem,
940 705 1001 741 cui
1030 705 1144 741 etiam
1175 716 1275 752 saepe

84 759 174 796 boni
189 759 402 808 indulgent,
423 759 652 796 ostentanda
679 759 830 803 virtute,
852 763 918 796 aut
944 770 1011 806 per
1031 764 1151 795 artem
1171 769 1274 805 qute-

84 812 172 850 sivit
191 826 200 850 :
231 813 362 862 procul
378 814 426 850 ab
458 813 700 850 aemulatione
719 811 896 848 adversus
915 811 1089 860 collegas,
1110 810 1240 859 procul
1259 823 1280 846 a

81 867 323 904 contentione
338 867 515 903 adversus
531 870 791 915 procuratores
808 879 815 902 :
834 870 872 902 et
888 865 1036 902 vincere
1063 864 1274 912 inglorium,

85 924 123 956 et
141 921 254 957 atteri
269 920 463 957 sordidum
479 920 744 957 arbitrabatur.
802 919 930 956 Minus
950 918 1156 956 triennium
1176 917 1215 953 in
1234 929 1278 953 ea

86 973 277 1020 legatione
286 973 474 1019 detentus,
485 986 528 1010 ac
543 974 668 1011 statim
683 973 729 1009 ad
740 985 843 1021 spem
859 972 1278 1009 consulatum-evocatus

85 1031 152 1070 est,
174 1027 377 1064 comitante
392 1027 568 1076 opinione
584 1027 822 1064 Britanniam
842 1025 876 1062 ei
904 1024 1135 1073 provinciam
1164 1024 1274 1067 dari:

89 1080 202 1116 nullis
221 1081 262 1116 in
287 1080 359 1117 hoo
388 1080 464 1117 suis
493 1080 738 1124 sermonibus,
769 1079 835 1116 sed
855 1080 945 1128 quia
964 1091 1031 1128 par
1061 1078 1275 1115 videbatur.

81 1132 199 1169 Haud
218 1146 364 1182 semper
392 1138 492 1171 errat
520 1134 631 1179 fama,
661 1133 870 1182 aliquando
890 1137 928 1170 et
957 1132 1075 1180 eligit.
1134 1131 1277 1168 Consul

84 1186 245 1235 egregiae
265 1191 348 1224 tum
379 1187 457 1234 spei
476 1187 590 1224 filiam
613 1187 745 1235 juveni
765 1186 855 1223 mihi
875 1186 1090 1235 despondit,
1119 1197 1162 1222 ac
1192 1189 1276 1233 post

87 1240 322 1276 consulatum
351 1240 560 1285 collocavit,
592 1245 630 1277 et
657 1241 784 1277 statim
814 1240 1022 1290 Britanniae
1052 1238 1276 1288 praepositus

88 1298 156 1337 est,
177 1292 324 1341 adjecto
343 1293 584 1342 pontificatus
603 1293 826 1330 sacerdotio.

141 1346 190 1383 X.
220 1345 428 1383 Britanniae
457 1346 572 1383 situm
598 1346 841 1395 populosque,
874 1346 1003 1383 multis
1032 1345 1275 1393 scriptoribus

88 1403 323 1445 memoratos,
344 1412 421 1437 non
440 1400 480 1436 in
499 1400 816 1448 comparationem
847 1412 945 1437 curce
965 1399 1155 1447 ingeniive
1184 1398 1277 1435 refen

87 1465 187 1497 ram3
217 1453 283 1490 sed
302 1454 387 1501 quia
407 1459 488 1492 tum
507 1453 669 1502 primum
691 1453 901 1501 perdomita
920 1458 998 1491 est:
1028 1453 1169 1501 itaque,
1190 1463 1273 1500 quae

86 1506 226 1553 priores
244 1507 413 1543 nondum
442 1512 644 1555 comperta,
666 1507 881 1555 eloquentia
900 1506 1129 1556 percoluere,
1150 1517 1274 1542 rerum

86 1559 160 1596 fide
179 1560 390 1598 tradentur.
430 1560 639 1606 Britannia,
661 1559 880 1606 insularum,
902 1573 994 1609 quas
1015 1560 1189 1596 Romana
1208 1571 1273 1595 no—

85 1612 169 1650 titia
195 1614 467 1663 complectitur,
498 1614 670 1657 maxima,
702 1614 824 1661 spatio
839 1627 882 1650 ao
913 1613 1006 1650 coelo
1025 1613 1065 1649 in
1093 1612 1275 1649 orientem

88 1665 314 1712 Germaniae,
335 1667 375 1703 in
404 1667 639 1705 occidentem
659 1667 854 1716 Hispaniae
875 1666 1094 1704 obtenditur
1115 1679 1123 1703 :
1157 1665 1275 1702 Gallis

81 1720 121 1755 in
143 1720 335 1757 meridiem
355 1721 467 1758 etiam
486 1720 706 1768 inspicitur:
737 1720 1056 1770 septemtrionalia
1071 1719 1163 1768 ejus,
1190 1718 1275 1756 nul-

85 1773 129 1809 lis
157 1778 289 1810 contra
325 1774 446 1819 terris,
486 1779 592 1811 vasto
629 1779 742 1822 atque
771 1779 901 1823 aperto
929 1774 1022 1810 mari
1060 1773 1273 1821 pulsantur.

84 1825 256 1863 Formam
276 1827 392 1864 totius
414 1826 620 1864 Britanniae
642 1827 771 1864 Livius
806 1832 987 1872 veterum,
1014 1826 1153 1863 Fabius
1174 1825 1274 1862 Rus-

82 1879 178 1916 ticus
206 1881 422 1925 recentium,
444 1880 737 1928 eloquentissimi
764 1885 948 1926 auctores,
979 1880 1152 1923 oblongae
1179 1891 1263 1915 scu-

86 1932 188 1978 tulae,
217 1933 277 1970 vel
304 1934 459 1983 bipenni
491 1933 790 1971 adsimulavere:
821 1939 859 1971 et
887 1939 943 1971 est
971 1947 1014 1970 ea
1040 1933 1153 1970 iacies
1181 1933 1274 1970 citra

86 1985 340 2032 Caledoniam,
361 1988 464 2024 unde
478 1988 568 2025 etin
584 1987 800 2024 universum
818 1987 918 2024 fama
936 1992 992 2025 est
1008 1992 1244 2034 transgressa
1264 2000 1272 2023 :

82 2038 149 2075 sed
160 2038 382 2076 immensum
397 2046 433 2078 et
442 2053 595 2078 enorme
609 2041 771 2090 spatium
785 2041 1087 2090 procurrentium
1103 2044 1270 2077 extremo

79 2091 159 2140 jam
177 2092 289 2130 litore
316 2098 512 2139 terrarum,
533 2095 636 2132 velut
663 2095 702 2131 in
723 2107 883 2132 cuneum
902 2099 1096 2132 tenuatur.
1152 2093 1266 2130 Hanc

85 2157 186 2181 oram
206 2147 396 2183 novissimi
416 2148 525 2185 maris
544 2153 637 2186 tunc
655 2148 818 2197 primum
848 2148 1021 2185 Romana
1040 2146 1168 2184 classis
1197 2146 1268 2184 cir-

84 2204 289 2245 cumvecta,
306 2200 467 2237 insulam
482 2214 561 2238 esse
591 2201 827 2239 Britanniam
847 2201 1071 2247 adfirmavit,
1091 2213 1135 2237 ac
1162 2200 1271 2237 simul

84 2252 293 2300 incognitas
308 2253 357 2290 ad
375 2254 414 2290 id
430 2259 576 2302 tempus
590 2255 740 2301 insulas,
762 2267 852 2303 quas
869 2255 1037 2293 Orcadas
1052 2259 1199 2298 vocant,
1213 2253 1270 2289 in-

83 2305 186 2343 venit
204 2305 426 2355 domuitque
441 2320 449 2344 :
488 2308 657 2357 dispecta
680 2314 736 2347 est
751 2314 789 2347 et
805 2309 940 2354 Thule,
957 2321 1070 2358 quam
1088 2308 1269 2343 hactenus

85 2358 162 2410 nix,
182 2363 221 2397 et
239 2359 358 2397 hiems
377 2360 540 2400 abdebat
557 2374 565 2400 ε
586 2362 654 2400 sed
674 2374 776 2400 mare
794 2363 943 2413 pigrum
964 2369 1004 2401 et
1021 2372 1140 2411 grave
1157 2360 1266 2397 remi-
