<?xml version="1.0" encoding="UTF-8"?>
<!DOCTYPE html PUBLIC "-//W3C//DTD XHTML 1.0 Transitional//EN"
    "http://www.w3.org/TR/xhtml1/DTD/xhtml1-transitional.dtd">
<html xmlns="http://www.w3.org/1999/xhtml" xml:lang="en" lang="en">
 <head>
  <title>
</title>
<meta http-equiv="Content-Type" content="text/html;charset=utf-8" />
  <meta name='ocr-system' content='tesseract 3.04.00' />
  <meta name='ocr-capabilities' content='ocr_page ocr_carea ocr_par ocr_line ocrx_word'/>
</head>
<body>
  <div class='ocr_page' id='page_1' title='image "./curriculumlatinu01mont_0261.png"; bbox 0 0 1496 2671; ppageno 0'>
   <div class='ocr_carea' id='block_1_1' title="bbox 425 91 1290 134">
    <p class='ocr_par' dir='ltr' id='par_1_1' title="bbox 425 91 1290 134">
     <span class='ocr_line' id='line_1_1' title="bbox 425 91 1290 134; baseline -0.007 -1"><span class='ocrx_word' id='word_1_1' title='bbox 425 106 522 134; x_wconf 70' lang='lat' dir='ltr'><strong>cuo</strong></span> <span class='ocrx_word' id='word_1_2' title='bbox 540 105 670 132; x_wconf 72' lang='lat' dir='ltr'><strong>MAJOR</strong></span> <span class='ocrx_word' id='word_1_3' title='bbox 684 106 735 131; x_wconf 83' lang='lat' dir='ltr'><strong>DE</strong></span> <span class='ocrx_word' id='word_1_4' title='bbox 754 104 989 132; x_wconf 72' lang='lat' dir='ltr'><strong>SENEcw&#39;m.</strong></span> <span class='ocrx_word' id='word_1_5' title='bbox 1240 91 1290 128; x_wconf 83' lang='lat'><strong>31</strong></span> 
     </span>
    </p>
   </div>
   <div class='ocr_carea' id='block_1_2' title="bbox 94 199 1289 1970">
    <p class='ocr_par' dir='ltr' id='par_1_2' title="bbox 94 199 1289 1970">
     <span class='ocr_line' id='line_1_2' title="bbox 106 199 1288 250; baseline -0.007 -7"><span class='ocrx_word' id='word_1_6' title='bbox 106 204 327 250; x_wconf 83' lang='lat' dir='ltr'><strong>satietatem,</strong></span> <span class='ocrx_word' id='word_1_7' title='bbox 344 207 409 241; x_wconf 84' lang='lat' dir='ltr'><strong>aut</strong></span> <span class='ocrx_word' id='word_1_8' title='bbox 427 202 597 239; x_wconf 88' lang='lat' dir='ltr'><strong>modum.</strong></span> <span class='ocrx_word' id='word_1_9' title='bbox 634 201 724 238; x_wconf 90' lang='lat' dir='ltr'><strong>Non</strong></span> <span class='ocrx_word' id='word_1_10' title='bbox 743 201 848 239; x_wconf 89' lang='lat' dir='ltr'><strong>lubet</strong></span> <span class='ocrx_word' id='word_1_11' title='bbox 863 202 961 239; x_wconf 88' lang='lat' dir='ltr'><strong>enim</strong></span> <span class='ocrx_word' id='word_1_12' title='bbox 984 201 1074 238; x_wconf 88' lang='lat' dir='ltr'><strong>mihi</strong></span> <span class='ocrx_word' id='word_1_13' title='bbox 1093 199 1288 248; x_wconf 82' lang='lat' dir='ltr'><strong>deplorare</strong></span> 
     </span>
     <span class='ocr_line' id='line_1_3' title="bbox 103 254 1286 306; baseline -0.005 -11"><span class='ocrx_word' id='word_1_14' title='bbox 103 259 236 304; x_wconf 85' lang='lat' dir='ltr'><strong>vitam,</strong></span> <span class='ocrx_word' id='word_1_15' title='bbox 253 257 354 306; x_wconf 85' lang='lat' dir='ltr'><strong>quod</strong></span> <span class='ocrx_word' id='word_1_16' title='bbox 374 255 494 301; x_wconf 90' lang='lat' dir='ltr'><strong>multi,</strong></span> <span class='ocrx_word' id='word_1_17' title='bbox 507 260 546 293; x_wconf 87' lang='lat' dir='ltr'><strong>et</strong></span> <span class='ocrx_word' id='word_1_18' title='bbox 563 255 591 291; x_wconf 90' lang='lat' dir='ltr'><strong>ii</strong></span> <span class='ocrx_word' id='word_1_19' title='bbox 610 254 724 301; x_wconf 85' lang='lat' dir='ltr'><strong>docti,</strong></span> <span class='ocrx_word' id='word_1_20' title='bbox 745 268 841 303; x_wconf 83' lang='lat' dir='ltr'><strong>saepe</strong></span> <span class='ocrx_word' id='word_1_21' title='bbox 862 255 1031 293; x_wconf 86' lang='lat' dir='ltr'><strong>fecerunt</strong></span> <span class='ocrx_word' id='word_1_22' title='bbox 1051 269 1060 299; x_wconf 91' lang='lat'>;</span> <span class='ocrx_word' id='word_1_23' title='bbox 1090 264 1210 302; x_wconf 88' lang='lat' dir='ltr'><strong>neque</strong></span> <span class='ocrx_word' id='word_1_24' title='bbox 1226 265 1286 290; x_wconf 89' lang='lat' dir='ltr'><strong>me</strong></span> 
     </span>
     <span class='ocr_line' id='line_1_4' title="bbox 107 308 1287 360; baseline -0.004 -11"><span class='ocrx_word' id='word_1_25' title='bbox 107 311 243 349; x_wconf 86' lang='lat' dir='ltr'><strong>vixisse</strong></span> <span class='ocrx_word' id='word_1_26' title='bbox 269 309 450 360; x_wconf 83' lang='lat' dir='ltr'><strong>poenitet3</strong></span> <span class='ocrx_word' id='word_1_27' title='bbox 480 308 657 358; x_wconf 88' lang='lat' dir='ltr'><strong>quoniam</strong></span> <span class='ocrx_word' id='word_1_28' title='bbox 686 309 741 346; x_wconf 86' lang='lat' dir='ltr'><strong>ita</strong></span> <span class='ocrx_word' id='word_1_29' title='bbox 768 308 858 354; x_wconf 83' lang='lat' dir='ltr'><strong>vixi,</strong></span> <span class='ocrx_word' id='word_1_30' title='bbox 886 314 930 346; x_wconf 90' lang='lat' dir='ltr'><strong>ut</strong></span> <span class='ocrx_word' id='word_1_31' title='bbox 956 321 1034 345; x_wconf 92' lang='lat' dir='ltr'><strong>non</strong></span> <span class='ocrx_word' id='word_1_32' title='bbox 1061 308 1199 345; x_wconf 83' lang='lat' dir='ltr'><strong>frustra</strong></span> <span class='ocrx_word' id='word_1_33' title='bbox 1226 318 1287 344; x_wconf 88' lang='lat' dir='ltr'><strong>me</strong></span> 
     </span>
     <span class='ocr_line' id='line_1_5' title="bbox 106 362 1288 409; baseline -0.003 -8"><span class='ocrx_word' id='word_1_34' title='bbox 106 369 238 403; x_wconf 88' lang='lat' dir='ltr'><strong>natum</strong></span> <span class='ocrx_word' id='word_1_35' title='bbox 266 363 474 401; x_wconf 83' lang='lat' dir='ltr'><strong>existimem</strong></span> <span class='ocrx_word' id='word_1_36' title='bbox 499 376 508 408; x_wconf 91' lang='grc'>;</span> <span class='ocrx_word' id='word_1_37' title='bbox 537 366 651 403; x_wconf 83' lang='lat' dir='ltr'><strong>etex</strong></span> <span class='ocrx_word' id='word_1_38' title='bbox 670 362 749 399; x_wconf 80' lang='lat' dir='ltr'><strong>vita</strong></span> <span class='ocrx_word' id='word_1_39' title='bbox 767 362 821 399; x_wconf 87' lang='lat' dir='ltr'><strong>ita</strong></span> <span class='ocrx_word' id='word_1_40' title='bbox 848 362 1013 408; x_wconf 82' lang='lat' dir='ltr'><strong>discedo,</strong></span> <span class='ocrx_word' id='word_1_41' title='bbox 1033 366 1212 409; x_wconf 85' lang='lat' dir='ltr'><strong>tanquam</strong></span> <span class='ocrx_word' id='word_1_42' title='bbox 1241 373 1288 397; x_wconf 87' lang='lat' dir='ltr'><strong>ex</strong></span> 
     </span>
     <span class='ocr_line' id='line_1_6' title="bbox 105 414 1287 466; baseline -0.004 -11"><span class='ocrx_word' id='word_1_43' title='bbox 105 416 279 466; x_wconf 83' lang='lat' dir='ltr'><strong>hospitio,</strong></span> <span class='ocrx_word' id='word_1_44' title='bbox 308 429 386 454; x_wconf 89' lang='lat' dir='ltr'><strong>non</strong></span> <span class='ocrx_word' id='word_1_45' title='bbox 413 420 593 464; x_wconf 79' lang='lat' dir='ltr'>tanquam</span> <span class='ocrx_word' id='word_1_46' title='bbox 620 428 667 452; x_wconf 90' lang='lat' dir='ltr'><strong>ex</strong></span> <span class='ocrx_word' id='word_1_47' title='bbox 695 415 819 453; x_wconf 88' lang='lat' dir='ltr'><strong>domo.</strong></span> <span class='ocrx_word' id='word_1_48' title='bbox 887 414 1159 452; x_wconf 86' lang='lat' dir='ltr'><strong>Commorandi</strong></span> <span class='ocrx_word' id='word_1_49' title='bbox 1187 414 1287 452; x_wconf 91' lang='lat' dir='ltr'><strong>enim</strong></span> 
     </span>
     <span class='ocr_line' id='line_1_7' title="bbox 105 467 1285 515; baseline -0.003 -7"><span class='ocrx_word' id='word_1_50' title='bbox 105 475 241 508; x_wconf 85' lang='lat' dir='ltr'><strong>natura</strong></span> <span class='ocrx_word' id='word_1_51' title='bbox 267 470 524 508; x_wconf 88' lang='lat' dir='ltr'><strong>deversorium</strong></span> <span class='ocrx_word' id='word_1_52' title='bbox 551 469 670 515; x_wconf 91' lang='lat' dir='ltr'><strong>nobis,</strong></span> <span class='ocrx_word' id='word_1_53' title='bbox 692 481 768 505; x_wconf 92' lang='lat' dir='ltr'><strong>non</strong></span> <span class='ocrx_word' id='word_1_54' title='bbox 797 468 994 506; x_wconf 84' lang='lat' dir='ltr'><strong>habitandi</strong></span> <span class='ocrx_word' id='word_1_55' title='bbox 1013 469 1135 506; x_wconf 90' lang='lat' dir='ltr'><strong>locum</strong></span> <span class='ocrx_word' id='word_1_56' title='bbox 1167 467 1285 506; x_wconf 81' lang='lat' dir='ltr'><strong>dedit.</strong></span> 
     </span>
     <span class='ocr_line' id='line_1_8' title="bbox 104 520 1287 573; baseline -0.003 -12"><span class='ocrx_word' id='word_1_57' title='bbox 104 524 168 561; x_wconf 84' lang='lat'><strong>85.</strong></span> <span class='ocrx_word' id='word_1_58' title='bbox 198 523 233 560; x_wconf 92' lang='lat' dir='ltr'>O</span> <span class='ocrx_word' id='word_1_59' title='bbox 253 524 472 573; x_wconf 67' lang='lat' dir='ltr'><strong>praeclarum</strong></span> <span class='ocrx_word' id='word_1_60' title='bbox 494 523 605 569; x_wconf 88' lang='lat' dir='ltr'><strong>diem,</strong></span> <span class='ocrx_word' id='word_1_61' title='bbox 635 534 748 570; x_wconf 86' lang='lat' dir='ltr'><strong>quum</strong></span> <span class='ocrx_word' id='word_1_62' title='bbox 769 520 816 559; x_wconf 85' lang='lat' dir='ltr'><strong>ad</strong></span> <span class='ocrx_word' id='word_1_63' title='bbox 833 522 927 559; x_wconf 88' lang='lat' dir='ltr'><strong>illud</strong></span> <span class='ocrx_word' id='word_1_64' title='bbox 946 522 1115 559; x_wconf 85' lang='lat' dir='ltr'><strong>divinum</strong></span> <span class='ocrx_word' id='word_1_65' title='bbox 1143 522 1287 558; x_wconf 86' lang='lat' dir='ltr'><strong>animo-</strong></span> 
     </span>
     <span class='ocr_line' id='line_1_9' title="bbox 102 575 1287 624; baseline -0.002 -10"><span class='ocrx_word' id='word_1_66' title='bbox 102 589 184 614; x_wconf 89' lang='lat' dir='ltr'><strong>rum</strong></span> <span class='ocrx_word' id='word_1_67' title='bbox 214 577 410 614; x_wconf 86' lang='lat' dir='ltr'><strong>concilium</strong></span> <span class='ocrx_word' id='word_1_68' title='bbox 440 582 650 624; x_wconf 84' lang='lat' dir='ltr'><strong>coetumque</strong></span> <span class='ocrx_word' id='word_1_69' title='bbox 676 575 900 624; x_wconf 84' lang='lat' dir='ltr'><strong>proficisce1·‚</strong></span> <span class='ocrx_word' id='word_1_70' title='bbox 928 587 1116 623; x_wconf 89' lang='lat' dir='ltr'><strong>quumque</strong></span> <span class='ocrx_word' id='word_1_71' title='bbox 1143 588 1190 612; x_wconf 85' lang='lat' dir='ltr'><strong>ex</strong></span> <span class='ocrx_word' id='word_1_72' title='bbox 1216 575 1287 612; x_wconf 86' lang='lat' dir='ltr'><strong>hac</strong></span> 
     </span>
     <span class='ocr_line' id='line_1_10' title="bbox 101 629 1287 668; baseline -0.003 0"><span class='ocrx_word' id='word_1_73' title='bbox 101 631 212 668; x_wconf 81' lang='lat' dir='ltr'><strong>turba</strong></span> <span class='ocrx_word' id='word_1_74' title='bbox 231 635 269 668; x_wconf 88' lang='lat' dir='ltr'><strong>et</strong></span> <span class='ocrx_word' id='word_1_75' title='bbox 288 631 497 668; x_wconf 88' lang='lat' dir='ltr'><strong>colluvione</strong></span> <span class='ocrx_word' id='word_1_76' title='bbox 516 630 705 667; x_wconf 84' lang='lat' dir='ltr'><strong>discedam</strong></span> <span class='ocrx_word' id='word_1_77' title='bbox 725 629 733 667; x_wconf 71' lang='lat' dir='ltr'>l</span> <span class='ocrx_word' id='word_1_78' title='bbox 783 629 1002 666; x_wconf 83' lang='lat' dir='ltr'><strong>Proficiscar</strong></span> <span class='ocrx_word' id='word_1_79' title='bbox 1020 629 1121 665; x_wconf 85' lang='lat' dir='ltr'><strong>enim</strong></span> <span class='ocrx_word' id='word_1_80' title='bbox 1141 641 1218 666; x_wconf 88' lang='lat' dir='ltr'><strong>non</strong></span> <span class='ocrx_word' id='word_1_81' title='bbox 1238 629 1287 665; x_wconf 85' lang='lat' dir='ltr'><strong>ad.</strong></span> 
     </span>
     <span class='ocr_line' id='line_1_11' title="bbox 102 682 1287 731; baseline -0.002 -11"><span class='ocrx_word' id='word_1_82' title='bbox 102 696 166 721; x_wconf 90' lang='lat' dir='ltr'><strong>eos</strong></span> <span class='ocrx_word' id='word_1_83' title='bbox 180 684 300 721; x_wconf 88' lang='lat' dir='ltr'><strong>solum</strong></span> <span class='ocrx_word' id='word_1_84' title='bbox 322 685 433 730; x_wconf 85' lang='lat' dir='ltr'><strong>viros,</strong></span> <span class='ocrx_word' id='word_1_85' title='bbox 455 684 503 721; x_wconf 90' lang='lat' dir='ltr'><strong>de</strong></span> <span class='ocrx_word' id='word_1_86' title='bbox 529 684 662 731; x_wconf 83' lang='lat' dir='ltr'><strong>quibus</strong></span> <span class='ocrx_word' id='word_1_87' title='bbox 691 687 780 721; x_wconf 90' lang='lat' dir='ltr'><strong>ante</strong></span> <span class='ocrx_word' id='word_1_88' title='bbox 807 683 886 720; x_wconf 84' lang='lat' dir='ltr'><strong>dixi</strong></span> <span class='ocrx_word' id='word_1_89' title='bbox 906 696 916 727; x_wconf 86' lang='lat'>;</span> <span class='ocrx_word' id='word_1_90' title='bbox 945 695 1076 720; x_wconf 84' lang='lat' dir='ltr'><strong>verum</strong></span> <span class='ocrx_word' id='word_1_91' title='bbox 1096 682 1209 720; x_wconf 85' lang='lat' dir='ltr'><strong>etiam</strong></span> <span class='ocrx_word' id='word_1_92' title='bbox 1238 683 1287 719; x_wconf 90' lang='lat' dir='ltr'><strong>ad</strong></span> 
     </span>
     <span class='ocr_line' id='line_1_12' title="bbox 102 737 1285 786; baseline -0.003 -11"><span class='ocrx_word' id='word_1_93' title='bbox 102 737 288 776; x_wconf 88' lang='lat' dir='ltr'><strong>Catonem</strong></span> <span class='ocrx_word' id='word_1_94' title='bbox 316 750 454 783; x_wconf 86' lang='lat' dir='ltr'><strong>meum,</strong></span> <span class='ocrx_word' id='word_1_95' title='bbox 485 749 558 786; x_wconf 91' lang='lat' dir='ltr'><strong>quo</strong></span> <span class='ocrx_word' id='word_1_96' title='bbox 586 750 699 774; x_wconf 90' lang='lat' dir='ltr'><strong>nemo</strong></span> <span class='ocrx_word' id='word_1_97' title='bbox 717 737 775 774; x_wconf 85' lang='lat' dir='ltr'><strong>vir</strong></span> <span class='ocrx_word' id='word_1_98' title='bbox 792 737 924 774; x_wconf 88' lang='lat' dir='ltr'><strong>melior</strong></span> <span class='ocrx_word' id='word_1_99' title='bbox 942 741 1055 774; x_wconf 87' lang='lat' dir='ltr'><strong>natus</strong></span> <span class='ocrx_word' id='word_1_100' title='bbox 1074 740 1143 781; x_wconf 89' lang='lat' dir='ltr'><strong>est,</strong></span> <span class='ocrx_word' id='word_1_101' title='bbox 1173 748 1285 772; x_wconf 86' lang='lat' dir='ltr'><strong>nemo</strong></span> 
     </span>
     <span class='ocr_line' id='line_1_13' title="bbox 100 791 1283 841; baseline -0.003 -13"><span class='ocrx_word' id='word_1_102' title='bbox 100 791 244 840; x_wconf 86' lang='lat' dir='ltr'><strong>pietate</strong></span> <span class='ocrx_word' id='word_1_103' title='bbox 261 792 520 841; x_wconf 85' lang='lat' dir='ltr'><strong>praestantior:</strong></span> <span class='ocrx_word' id='word_1_104' title='bbox 553 791 660 839; x_wconf 82' lang='lat' dir='ltr'><strong>cujus</strong></span> <span class='ocrx_word' id='word_1_105' title='bbox 680 803 702 827; x_wconf 86' lang='lat' dir='ltr'><strong>a</strong></span> <span class='ocrx_word' id='word_1_106' title='bbox 721 803 782 827; x_wconf 92' lang='lat' dir='ltr'><strong>me</strong></span> <span class='ocrx_word' id='word_1_107' title='bbox 808 803 943 840; x_wconf 86' lang='lat' dir='ltr'><strong>corpus</strong></span> <span class='ocrx_word' id='word_1_108' title='bbox 962 794 1170 828; x_wconf 86' lang='lat' dir='ltr'><strong>crematum</strong></span> <span class='ocrx_word' id='word_1_109' title='bbox 1198 794 1255 826; x_wconf 88' lang='lat' dir='ltr'><strong>est</strong></span> <span class='ocrx_word' id='word_1_110' title='bbox 1275 803 1283 832; x_wconf 92' lang='lat'>;</span> 
     </span>
     <span class='ocr_line' id='line_1_14' title="bbox 100 844 1288 893; baseline -0.001 -12"><span class='ocrx_word' id='word_1_111' title='bbox 100 845 203 893; x_wconf 88' lang='lat' dir='ltr'><strong>quod</strong></span> <span class='ocrx_word' id='word_1_112' title='bbox 221 850 354 883; x_wconf 87' lang='lat' dir='ltr'><strong>eontra</strong></span> <span class='ocrx_word' id='word_1_113' title='bbox 372 845 498 883; x_wconf 87' lang='lat' dir='ltr'><strong>decuit</strong></span> <span class='ocrx_word' id='word_1_114' title='bbox 517 845 565 882; x_wconf 91' lang='lat' dir='ltr'><strong>ab</strong></span> <span class='ocrx_word' id='word_1_115' title='bbox 591 844 657 882; x_wconf 89' lang='lat' dir='ltr'><strong>illo</strong></span> <span class='ocrx_word' id='word_1_116' title='bbox 677 856 800 881; x_wconf 88' lang='lat' dir='ltr'><strong>meum</strong></span> <span class='ocrx_word' id='word_1_117' title='bbox 818 857 826 881; x_wconf 90' lang='lat'><strong>:</strong></span> <span class='ocrx_word' id='word_1_118' title='bbox 857 844 1004 881; x_wconf 81' lang='lat' dir='ltr'><strong>animus</strong></span> <span class='ocrx_word' id='word_1_119' title='bbox 1022 856 1112 880; x_wconf 87' lang='lat' dir='ltr'><strong>vero</strong></span> <span class='ocrx_word' id='word_1_120' title='bbox 1130 855 1208 880; x_wconf 88' lang='lat' dir='ltr'><strong>non</strong></span> <span class='ocrx_word' id='word_1_121' title='bbox 1228 855 1288 880; x_wconf 87' lang='lat' dir='ltr'><strong>me</strong></span> 
     </span>
     <span class='ocr_line' id='line_1_15' title="bbox 98 896 1289 948; baseline -0.001 -13"><span class='ocrx_word' id='word_1_122' title='bbox 98 898 284 944; x_wconf 86' lang='lat' dir='ltr'><strong>deserens,</strong></span> <span class='ocrx_word' id='word_1_123' title='bbox 306 899 372 936; x_wconf 88' lang='lat' dir='ltr'><strong>sed</strong></span> <span class='ocrx_word' id='word_1_124' title='bbox 390 903 615 948; x_wconf 79' lang='lat' dir='ltr'><strong>respectans,</strong></span> <span class='ocrx_word' id='word_1_125' title='bbox 631 899 671 935; x_wconf 91' lang='lat' dir='ltr'><strong>in</strong></span> <span class='ocrx_word' id='word_1_126' title='bbox 686 910 729 935; x_wconf 91' lang='lat' dir='ltr'><strong>ea</strong></span> <span class='ocrx_word' id='word_1_127' title='bbox 740 898 907 947; x_wconf 84' lang='lat' dir='ltr'><strong>profecto</strong></span> <span class='ocrx_word' id='word_1_128' title='bbox 919 898 1001 935; x_wconf 87' lang='lat' dir='ltr'><strong>loca</strong></span> <span class='ocrx_word' id='word_1_129' title='bbox 1015 896 1195 941; x_wconf 82' lang='lat' dir='ltr'><strong>discessit,</strong></span> <span class='ocrx_word' id='word_1_130' title='bbox 1216 899 1289 944; x_wconf 66' lang='lat' dir='ltr'><strong>qut&gt;</strong></span> 
     </span>
     <span class='ocr_line' id='line_1_16' title="bbox 101 952 1286 1001; baseline -0.001 -14"><span class='ocrx_word' id='word_1_131' title='bbox 101 952 282 1001; x_wconf 86' lang='lat' dir='ltr'><strong>mihiipsi</strong></span> <span class='ocrx_word' id='word_1_132' title='bbox 310 954 492 991; x_wconf 83' lang='lat' dir='ltr'><strong>cernebat</strong></span> <span class='ocrx_word' id='word_1_133' title='bbox 519 965 598 990; x_wconf 89' lang='lat' dir='ltr'><strong>esse</strong></span> <span class='ocrx_word' id='word_1_134' title='bbox 617 952 856 989; x_wconf 87' lang='lat' dir='ltr'><strong>veniendum.</strong></span> <span class='ocrx_word' id='word_1_135' title='bbox 916 952 1038 997; x_wconf 80' lang='lat' dir='ltr'><strong>Quem</strong></span> <span class='ocrx_word' id='word_1_136' title='bbox 1059 963 1132 1000; x_wconf 87' lang='lat' dir='ltr'><strong>ego</strong></span> <span class='ocrx_word' id='word_1_137' title='bbox 1159 962 1286 987; x_wconf 88' lang='lat' dir='ltr'><strong>meum</strong></span> 
     </span>
     <span class='ocr_line' id='line_1_17' title="bbox 100 1004 1287 1054; baseline -0.002 -12"><span class='ocrx_word' id='word_1_138' title='bbox 100 1017 227 1042; x_wconf 83' lang='lat' dir='ltr'><strong>casum</strong></span> <span class='ocrx_word' id='word_1_139' title='bbox 246 1006 394 1043; x_wconf 83' lang='lat' dir='ltr'><strong>fortiter</strong></span> <span class='ocrx_word' id='word_1_140' title='bbox 421 1007 518 1044; x_wconf 85' lang='lat' dir='ltr'><strong>ferre</strong></span> <span class='ocrx_word' id='word_1_141' title='bbox 535 1007 636 1043; x_wconf 85' lang='lat' dir='ltr'><strong>visus</strong></span> <span class='ocrx_word' id='word_1_142' title='bbox 655 1018 763 1049; x_wconf 86' lang='lat' dir='ltr'><strong>sum;</strong></span> <span class='ocrx_word' id='word_1_143' title='bbox 792 1018 870 1042; x_wconf 91' lang='lat' dir='ltr'><strong>non</strong></span> <span class='ocrx_word' id='word_1_144' title='bbox 897 1006 998 1054; x_wconf 91' lang='lat' dir='ltr'><strong>quod</strong></span> <span class='ocrx_word' id='word_1_145' title='bbox 1026 1016 1132 1053; x_wconf 80' lang='lat' dir='ltr'><strong>aequo</strong></span> <span class='ocrx_word' id='word_1_146' title='bbox 1160 1004 1287 1041; x_wconf 89' lang='lat' dir='ltr'><strong>animo</strong></span> 
     </span>
     <span class='ocr_line' id='line_1_18' title="bbox 98 1058 1286 1109; baseline -0.001 -14"><span class='ocrx_word' id='word_1_147' title='bbox 98 1058 232 1096; x_wconf 85' lang='lat' dir='ltr'><strong>ferrem</strong></span> <span class='ocrx_word' id='word_1_148' title='bbox 250 1072 258 1103; x_wconf 94' lang='grc'><strong>;</strong></span> <span class='ocrx_word' id='word_1_149' title='bbox 280 1059 346 1096; x_wconf 88' lang='lat' dir='ltr'><strong>sed</strong></span> <span class='ocrx_word' id='word_1_150' title='bbox 368 1072 425 1097; x_wconf 87' lang='lat' dir='ltr'><strong>me</strong></span> <span class='ocrx_word' id='word_1_151' title='bbox 443 1061 522 1109; x_wconf 88' lang='lat' dir='ltr'><strong>ipse</strong></span> <span class='ocrx_word' id='word_1_152' title='bbox 538 1059 768 1104; x_wconf 83' lang='lat' dir='ltr'><strong>consolabar,</strong></span> <span class='ocrx_word' id='word_1_153' title='bbox 789 1059 1020 1105; x_wconf 85' lang='lat' dir='ltr'><strong>existimans,</strong></span> <span class='ocrx_word' id='word_1_154' title='bbox 1040 1071 1117 1097; x_wconf 90' lang='lat' dir='ltr'><strong>non</strong></span> <span class='ocrx_word' id='word_1_155' title='bbox 1135 1058 1286 1107; x_wconf 86' lang='lat' dir='ltr'><strong>longin-</strong></span> 
     </span>
     <span class='ocr_line' id='line_1_19' title="bbox 98 1111 1288 1162; baseline 0.002 -15"><span class='ocrx_word' id='word_1_156' title='bbox 98 1123 213 1160; x_wconf 89' lang='lat' dir='ltr'><strong>quum</strong></span> <span class='ocrx_word' id='word_1_157' title='bbox 231 1113 332 1150; x_wconf 80' lang='lat' dir='ltr'><strong>inter</strong></span> <span class='ocrx_word' id='word_1_158' title='bbox 360 1126 428 1150; x_wconf 87' lang='lat' dir='ltr'><strong>nos</strong></span> <span class='ocrx_word' id='word_1_159' title='bbox 448 1114 658 1162; x_wconf 84' lang='lat' dir='ltr'><strong>digressum</strong></span> <span class='ocrx_word' id='word_1_160' title='bbox 679 1118 717 1151; x_wconf 87' lang='lat' dir='ltr'><strong>et</strong></span> <span class='ocrx_word' id='word_1_161' title='bbox 745 1113 948 1151; x_wconf 72' lang='lat' dir='ltr'><strong>discessum</strong></span> <span class='ocrx_word' id='word_1_162' title='bbox 968 1113 1062 1150; x_wconf 85' lang='lat' dir='ltr'><strong>fore.</strong></span> <span class='ocrx_word' id='word_1_163' title='bbox 1119 1111 1183 1150; x_wconf 83' lang='lat'><strong>86.</strong></span> <span class='ocrx_word' id='word_1_164' title='bbox 1215 1111 1288 1149; x_wconf 84' lang='lat' dir='ltr'><strong>His</strong></span> 
     </span>
     <span class='ocr_line' id='line_1_20' title="bbox 97 1165 1288 1217; baseline 0.002 -16"><span class='ocrx_word' id='word_1_165' title='bbox 97 1165 190 1202; x_wconf 88' lang='lat' dir='ltr'><strong>mihi</strong></span> <span class='ocrx_word' id='word_1_166' title='bbox 207 1166 330 1211; x_wconf 85' lang='lat' dir='ltr'><strong>rebus,</strong></span> <span class='ocrx_word' id='word_1_167' title='bbox 352 1166 476 1216; x_wconf 87' lang='lat' dir='ltr'><strong>Scipio</strong></span> <span class='ocrx_word' id='word_1_168' title='bbox 494 1166 550 1217; x_wconf 86' lang='lat' dir='ltr'><strong>(id</strong></span> <span class='ocrx_word' id='word_1_169' title='bbox 569 1167 667 1204; x_wconf 87' lang='lat' dir='ltr'><strong>enim</strong></span> <span class='ocrx_word' id='word_1_170' title='bbox 689 1172 727 1204; x_wconf 87' lang='lat' dir='ltr'><strong>te</strong></span> <span class='ocrx_word' id='word_1_171' title='bbox 746 1179 830 1203; x_wconf 88' lang='lat' dir='ltr'><strong>curn</strong></span> <span class='ocrx_word' id='word_1_172' title='bbox 844 1166 963 1204; x_wconf 82' lang='lat' dir='ltr'><strong>Laelio</strong></span> <span class='ocrx_word' id='word_1_173' title='bbox 978 1166 1156 1204; x_wconf 83' lang='lat' dir='ltr'><strong>admirari</strong></span> <span class='ocrx_word' id='word_1_174' title='bbox 1170 1165 1288 1203; x_wconf 83' lang='lat' dir='ltr'><strong>solere</strong></span> 
     </span>
     <span class='ocr_line' id='line_1_21' title="bbox 98 1218 1288 1270; baseline 0.001 -15"><span class='ocrx_word' id='word_1_175' title='bbox 98 1218 259 1270; x_wconf 87' lang='lat' dir='ltr'><strong>dixisti‚)</strong></span> <span class='ocrx_word' id='word_1_176' title='bbox 282 1219 379 1257; x_wconf 87' lang='lat' dir='ltr'><strong>levis</strong></span> <span class='ocrx_word' id='word_1_177' title='bbox 399 1227 456 1259; x_wconf 89' lang='lat' dir='ltr'><strong>est</strong></span> <span class='ocrx_word' id='word_1_178' title='bbox 483 1225 667 1265; x_wconf 81' lang='lat' dir='ltr'><strong>senectus,</strong></span> <span class='ocrx_word' id='word_1_179' title='bbox 689 1233 759 1257; x_wconf 87' lang='lat' dir='ltr'><strong>nec</strong></span> <span class='ocrx_word' id='word_1_180' title='bbox 786 1221 906 1258; x_wconf 87' lang='lat' dir='ltr'><strong>solum</strong></span> <span class='ocrx_word' id='word_1_181' title='bbox 928 1233 1005 1258; x_wconf 88' lang='lat' dir='ltr'><strong>non</strong></span> <span class='ocrx_word' id='word_1_182' title='bbox 1025 1220 1195 1264; x_wconf 77' lang='lat' dir='ltr'><strong>molesta,</strong></span> <span class='ocrx_word' id='word_1_183' title='bbox 1222 1220 1288 1256; x_wconf 89' lang='lat' dir='ltr'><strong>sed</strong></span> 
     </span>
     <span class='ocr_line' id='line_1_22' title="bbox 98 1272 1286 1323; baseline 0.001 -15"><span class='ocrx_word' id='word_1_184' title='bbox 98 1272 212 1309; x_wconf 88' lang='lat' dir='ltr'><strong>etiam</strong></span> <span class='ocrx_word' id='word_1_185' title='bbox 243 1274 423 1322; x_wconf 87' lang='lat' dir='ltr'><strong>jucunda.</strong></span> <span class='ocrx_word' id='word_1_186' title='bbox 482 1274 596 1319; x_wconf 76' lang='lat' dir='ltr'><strong>Quod</strong></span> <span class='ocrx_word' id='word_1_187' title='bbox 627 1274 658 1310; x_wconf 83' lang='lat' dir='ltr'><strong>si</strong></span> <span class='ocrx_word' id='word_1_188' title='bbox 694 1274 735 1310; x_wconf 88' lang='lat' dir='ltr'><strong>in</strong></span> <span class='ocrx_word' id='word_1_189' title='bbox 770 1273 842 1311; x_wconf 88' lang='lat' dir='ltr'><strong>hoc</strong></span> <span class='ocrx_word' id='word_1_190' title='bbox 878 1286 974 1320; x_wconf 83' lang='lat' dir='ltr'><strong>erro,</strong></span> <span class='ocrx_word' id='word_1_191' title='bbox 1012 1273 1114 1323; x_wconf 86' lang='lat' dir='ltr'><strong>quod</strong></span> <span class='ocrx_word' id='word_1_192' title='bbox 1142 1273 1286 1310; x_wconf 85' lang='lat' dir='ltr'><strong>animos</strong></span> 
     </span>
     <span class='ocr_line' id='line_1_23' title="bbox 97 1325 1286 1373; baseline 0.002 -12"><span class='ocrx_word' id='word_1_193' title='bbox 97 1325 293 1364; x_wconf 86' lang='lat' dir='ltr'><strong>hominum</strong></span> <span class='ocrx_word' id='word_1_194' title='bbox 322 1328 554 1365; x_wconf 84' lang='lat' dir='ltr'><strong>immortales</strong></span> <span class='ocrx_word' id='word_1_195' title='bbox 582 1340 661 1365; x_wconf 88' lang='lat' dir='ltr'><strong>esse</strong></span> <span class='ocrx_word' id='word_1_196' title='bbox 688 1327 850 1373; x_wconf 86' lang='lat' dir='ltr'><strong>credam,</strong></span> <span class='ocrx_word' id='word_1_197' title='bbox 880 1327 1054 1365; x_wconf 84' lang='lat' dir='ltr'><strong>lubenter</strong></span> <span class='ocrx_word' id='word_1_198' title='bbox 1073 1339 1186 1370; x_wconf 88' lang='lat' dir='ltr'><strong>err0;</strong></span> <span class='ocrx_word' id='word_1_199' title='bbox 1217 1339 1286 1363; x_wconf 88' lang='lat' dir='ltr'><strong>nec</strong></span> 
     </span>
     <span class='ocr_line' id='line_1_24' title="bbox 99 1379 1285 1430; baseline 0 -14"><span class='ocrx_word' id='word_1_200' title='bbox 99 1379 191 1416; x_wconf 89' lang='lat' dir='ltr'><strong>mihi</strong></span> <span class='ocrx_word' id='word_1_201' title='bbox 209 1380 310 1418; x_wconf 88' lang='lat' dir='ltr'><strong>hunc</strong></span> <span class='ocrx_word' id='word_1_202' title='bbox 329 1393 505 1427; x_wconf 85' lang='lat' dir='ltr'><strong>errorem,</strong></span> <span class='ocrx_word' id='word_1_203' title='bbox 526 1393 599 1430; x_wconf 86' lang='lat' dir='ltr'><strong>quo</strong></span> <span class='ocrx_word' id='word_1_204' title='bbox 627 1380 804 1427; x_wconf 82' lang='lat' dir='ltr'><strong>delector,</strong></span> <span class='ocrx_word' id='word_1_205' title='bbox 826 1381 916 1418; x_wconf 93' lang='lat' dir='ltr'><strong>dum</strong></span> <span class='ocrx_word' id='word_1_206' title='bbox 936 1382 1035 1426; x_wconf 89' lang='lat' dir='ltr'><strong>vivo,</strong></span> <span class='ocrx_word' id='word_1_207' title='bbox 1064 1380 1285 1429; x_wconf 82' lang='lat' dir='ltr'><strong>extorqueri</strong></span> 
     </span>
     <span class='ocr_line' id='line_1_25' title="bbox 99 1433 1283 1485; baseline 0.001 -16"><span class='ocrx_word' id='word_1_208' title='bbox 99 1433 197 1471; x_wconf 86' lang='lat' dir='ltr'><strong>volo.</strong></span> <span class='ocrx_word' id='word_1_209' title='bbox 253 1434 320 1471; x_wconf 88' lang='lat' dir='ltr'><strong>Sin</strong></span> <span class='ocrx_word' id='word_1_210' title='bbox 341 1440 523 1480; x_wconf 80' lang='lat' dir='ltr'><strong>mortuus,</strong></span> <span class='ocrx_word' id='word_1_211' title='bbox 544 1434 605 1485; x_wconf 87' lang='lat' dir='ltr'><strong>(ut</strong></span> <span class='ocrx_word' id='word_1_212' title='bbox 624 1434 779 1483; x_wconf 88' lang='lat' dir='ltr'><strong>quidam</strong></span> <span class='ocrx_word' id='word_1_213' title='bbox 807 1435 943 1473; x_wconf 85' lang='lat' dir='ltr'><strong>minuti</strong></span> <span class='ocrx_word' id='word_1_214' title='bbox 961 1434 1176 1484; x_wconf 88' lang='lat' dir='ltr'><strong>philosophi</strong></span> <span class='ocrx_word' id='word_1_215' title='bbox 1196 1446 1283 1471; x_wconf 87' lang='lat' dir='ltr'><strong>cen-</strong></span> 
     </span>
     <span class='ocr_line' id='line_1_26' title="bbox 95 1486 1284 1538; baseline 0.001 -15"><span class='ocrx_word' id='word_1_216' title='bbox 95 1486 209 1538; x_wconf 86' lang='lat' dir='ltr'><strong>sent,)</strong></span> <span class='ocrx_word' id='word_1_217' title='bbox 228 1488 322 1525; x_wconf 87' lang='lat' dir='ltr'><strong>nihil</strong></span> <span class='ocrx_word' id='word_1_218' title='bbox 340 1489 498 1526; x_wconf 87' lang='lat' dir='ltr'><strong>sentiam</strong></span> <span class='ocrx_word' id='word_1_219' title='bbox 515 1503 524 1526; x_wconf 78' lang='lat'>2</span> <span class='ocrx_word' id='word_1_220' title='bbox 545 1501 623 1525; x_wconf 87' lang='lat' dir='ltr'><strong>non</strong></span> <span class='ocrx_word' id='word_1_221' title='bbox 637 1501 782 1534; x_wconf 85' lang='lat' dir='ltr'><strong>vereor,</strong></span> <span class='ocrx_word' id='word_1_222' title='bbox 799 1500 847 1525; x_wconf 90' lang='lat' dir='ltr'><strong>ne</strong></span> <span class='ocrx_word' id='word_1_223' title='bbox 862 1489 962 1526; x_wconf 88' lang='lat' dir='ltr'><strong>hunc</strong></span> <span class='ocrx_word' id='word_1_224' title='bbox 977 1500 1141 1526; x_wconf 87' lang='lat' dir='ltr'><strong>errorem</strong></span> <span class='ocrx_word' id='word_1_225' title='bbox 1158 1499 1284 1525; x_wconf 87' lang='lat' dir='ltr'><strong>meum</strong></span> 
     </span>
     <span class='ocr_line' id='line_1_27' title="bbox 97 1541 1283 1591; baseline 0.002 -16"><span class='ocrx_word' id='word_1_226' title='bbox 97 1541 236 1579; x_wconf 87' lang='lat' dir='ltr'><strong>mortui</strong></span> <span class='ocrx_word' id='word_1_227' title='bbox 272 1542 485 1591; x_wconf 82' lang='lat' dir='ltr'><strong>philosophi</strong></span> <span class='ocrx_word' id='word_1_228' title='bbox 511 1542 710 1580; x_wconf 89' lang='lat' dir='ltr'><strong>irrideant.</strong></span> <span class='ocrx_word' id='word_1_229' title='bbox 768 1542 884 1587; x_wconf 77' lang='lat' dir='ltr'><strong>Quod</strong></span> <span class='ocrx_word' id='word_1_230' title='bbox 911 1542 942 1579; x_wconf 87' lang='lat' dir='ltr'><strong>si</strong></span> <span class='ocrx_word' id='word_1_231' title='bbox 961 1554 1037 1579; x_wconf 89' lang='lat' dir='ltr'><strong>non</strong></span> <span class='ocrx_word' id='word_1_232' title='bbox 1057 1554 1185 1579; x_wconf 86' lang='lat' dir='ltr'><strong>sumus</strong></span> <span class='ocrx_word' id='word_1_233' title='bbox 1213 1541 1283 1578; x_wconf 90' lang='lat' dir='ltr'><strong>im-</strong></span> 
     </span>
     <span class='ocr_line' id='line_1_28' title="bbox 97 1595 1286 1645; baseline 0.003 -16"><span class='ocrx_word' id='word_1_234' title='bbox 97 1595 274 1632; x_wconf 88' lang='lat' dir='ltr'><strong>mortales</strong></span> <span class='ocrx_word' id='word_1_235' title='bbox 292 1595 420 1642; x_wconf 83' lang='lat' dir='ltr'><strong>futuri,</strong></span> <span class='ocrx_word' id='word_1_236' title='bbox 442 1602 571 1634; x_wconf 86' lang='lat' dir='ltr'><strong>tamen</strong></span> <span class='ocrx_word' id='word_1_237' title='bbox 590 1596 764 1645; x_wconf 79' lang='lat' dir='ltr'><strong>extingui</strong></span> <span class='ocrx_word' id='word_1_238' title='bbox 784 1596 929 1632; x_wconf 89' lang='lat' dir='ltr'><strong>homini</strong></span> <span class='ocrx_word' id='word_1_239' title='bbox 943 1608 1009 1634; x_wconf 93' lang='lat' dir='ltr'><strong>suo</strong></span> <span class='ocrx_word' id='word_1_240' title='bbox 1028 1601 1200 1645; x_wconf 87' lang='lat' dir='ltr'><strong>tempore</strong></span> <span class='ocrx_word' id='word_1_241' title='bbox 1218 1607 1286 1644; x_wconf 82' lang='lat' dir='ltr'><strong>op-</strong></span> 
     </span>
     <span class='ocr_line' id='line_1_29' title="bbox 98 1647 1284 1695; baseline 0 -11"><span class='ocrx_word' id='word_1_242' title='bbox 98 1647 216 1685; x_wconf 80' lang='lat' dir='ltr'><strong>tabile</strong></span> <span class='ocrx_word' id='word_1_243' title='bbox 234 1656 306 1687; x_wconf 88' lang='lat' dir='ltr'><strong>est.</strong></span> <span class='ocrx_word' id='word_1_244' title='bbox 360 1649 460 1686; x_wconf 90' lang='lat' dir='ltr'><strong>Nam</strong></span> <span class='ocrx_word' id='word_1_245' title='bbox 488 1649 603 1687; x_wconf 86' lang='lat' dir='ltr'><strong>habet</strong></span> <span class='ocrx_word' id='word_1_246' title='bbox 623 1655 772 1695; x_wconf 84' lang='lat' dir='ltr'><strong>natura,</strong></span> <span class='ocrx_word' id='word_1_247' title='bbox 793 1654 835 1686; x_wconf 83' lang='lat' dir='ltr'><strong>ut</strong></span> <span class='ocrx_word' id='word_1_248' title='bbox 855 1650 1012 1687; x_wconf 85' lang='lat' dir='ltr'><strong>aliarum</strong></span> <span class='ocrx_word' id='word_1_249' title='bbox 1029 1650 1197 1687; x_wconf 88' lang='lat' dir='ltr'><strong>omnium</strong></span> <span class='ocrx_word' id='word_1_250' title='bbox 1226 1661 1284 1685; x_wconf 82' lang='lat' dir='ltr'><strong>re-</strong></span> 
     </span>
     <span class='ocr_line' id='line_1_30' title="bbox 96 1702 1283 1753; baseline 0.001 -16"><span class='ocrx_word' id='word_1_251' title='bbox 96 1713 193 1748; x_wconf 82' lang='lat' dir='ltr'><strong>rum,</strong></span> <span class='ocrx_word' id='word_1_252' title='bbox 231 1703 283 1740; x_wconf 86' lang='lat' dir='ltr'><strong>sie</strong></span> <span class='ocrx_word' id='word_1_253' title='bbox 318 1702 471 1740; x_wconf 83' lang='lat' dir='ltr'><strong>vivendi</strong></span> <span class='ocrx_word' id='word_1_254' title='bbox 505 1703 677 1740; x_wconf 88' lang='lat' dir='ltr'><strong>modum.</strong></span> <span class='ocrx_word' id='word_1_255' title='bbox 735 1704 917 1741; x_wconf 85' lang='lat' dir='ltr'><strong>Senectus</strong></span> <span class='ocrx_word' id='word_1_256' title='bbox 954 1708 1081 1742; x_wconf 88' lang='lat' dir='ltr'><strong>autem</strong></span> <span class='ocrx_word' id='word_1_257' title='bbox 1116 1702 1283 1753; x_wconf 83' lang='lat' dir='ltr'><strong>peractio</strong></span> 
     </span>
     <span class='ocr_line' id='line_1_31' title="bbox 97 1755 1283 1808; baseline 0 -16"><span class='ocrx_word' id='word_1_258' title='bbox 97 1755 222 1794; x_wconf 85' lang='lat' dir='ltr'><strong>aetatis</strong></span> <span class='ocrx_word' id='word_1_259' title='bbox 240 1761 309 1802; x_wconf 84' lang='lat' dir='ltr'><strong>est,</strong></span> <span class='ocrx_word' id='word_1_260' title='bbox 325 1761 503 1806; x_wconf 88' lang='lat' dir='ltr'><strong>tanquam</strong></span> <span class='ocrx_word' id='word_1_261' title='bbox 523 1757 673 1804; x_wconf 65' lang='lat' dir='ltr'><strong>fabulae,</strong></span> <span class='ocrx_word' id='word_1_262' title='bbox 692 1758 792 1807; x_wconf 88' lang='lat' dir='ltr'><strong>cujus</strong></span> <span class='ocrx_word' id='word_1_263' title='bbox 812 1757 1121 1808; x_wconf 86' lang='lat' dir='ltr'><strong>defatigationem</strong></span> <span class='ocrx_word' id='word_1_264' title='bbox 1151 1756 1283 1805; x_wconf 87' lang='lat' dir='ltr'><strong>fugere</strong></span> 
     </span>
     <span class='ocr_line' id='line_1_32' title="bbox 94 1809 1284 1860; baseline 0 -15"><span class='ocrx_word' id='word_1_265' title='bbox 94 1809 285 1856; x_wconf 85' lang='lat' dir='ltr'><strong>debemus,</strong></span> <span class='ocrx_word' id='word_1_266' title='bbox 306 1811 513 1860; x_wconf 81' lang='lat' dir='ltr'><strong>praesertim</strong></span> <span class='ocrx_word' id='word_1_267' title='bbox 533 1810 710 1860; x_wconf 79' lang='lat' dir='ltr'><strong>adjuncta</strong></span> <span class='ocrx_word' id='word_1_268' title='bbox 730 1811 912 1850; x_wconf 82' lang='lat' dir='ltr'><strong>satietate.</strong></span> <span class='ocrx_word' id='word_1_269' title='bbox 968 1811 1063 1849; x_wconf 83' lang='lat' dir='ltr'><strong>Haec</strong></span> <span class='ocrx_word' id='word_1_270' title='bbox 1082 1810 1207 1855; x_wconf 83' lang='lat' dir='ltr'><strong>habui,</strong></span> <span class='ocrx_word' id='word_1_271' title='bbox 1237 1809 1284 1846; x_wconf 88' lang='lat' dir='ltr'><strong>de</strong></span> 
     </span>
     <span class='ocr_line' id='line_1_33' title="bbox 96 1862 1279 1914; baseline 0.001 -15"><span class='ocrx_word' id='word_1_272' title='bbox 96 1868 288 1902; x_wconf 83' lang='lat' dir='ltr'><strong>senectute</strong></span> <span class='ocrx_word' id='word_1_273' title='bbox 306 1877 386 1913; x_wconf 88' lang='lat' dir='ltr'><strong>quae</strong></span> <span class='ocrx_word' id='word_1_274' title='bbox 405 1865 584 1902; x_wconf 85' lang='lat' dir='ltr'><strong>dicerem.</strong></span> <span class='ocrx_word' id='word_1_275' title='bbox 640 1866 704 1902; x_wconf 87' lang='lat' dir='ltr'><strong>Ad</strong></span> <span class='ocrx_word' id='word_1_276' title='bbox 723 1876 833 1914; x_wconf 86' lang='lat' dir='ltr'><strong>quam</strong></span> <span class='ocrx_word' id='word_1_277' title='bbox 862 1866 1006 1904; x_wconf 86' lang='lat' dir='ltr'><strong>utinam</strong></span> <span class='ocrx_word' id='word_1_278' title='bbox 1025 1862 1251 1914; x_wconf 80' lang='lat' dir='ltr'><strong>perveniatis</strong></span> <span class='ocrx_word' id='word_1_279' title='bbox 1270 1862 1279 1900; x_wconf 72' lang='grc' dir='ltr'>ἔ</span> 
     </span>
     <span class='ocr_line' id='line_1_34' title="bbox 95 1917 1245 1970; baseline 0.001 -17"><span class='ocrx_word' id='word_1_280' title='bbox 95 1921 138 1955; x_wconf 82' lang='lat' dir='ltr'><strong>ut</strong></span> <span class='ocrx_word' id='word_1_281' title='bbox 156 1929 212 1964; x_wconf 87' lang='lat' dir='ltr'><strong>ea,</strong></span> <span class='ocrx_word' id='word_1_282' title='bbox 232 1929 312 1966; x_wconf 84' lang='lat' dir='ltr'><strong>quae</strong></span> <span class='ocrx_word' id='word_1_283' title='bbox 331 1931 378 1956; x_wconf 90' lang='lat' dir='ltr'><strong>ex</strong></span> <span class='ocrx_word' id='word_1_284' title='bbox 397 1931 457 1956; x_wconf 90' lang='lat' dir='ltr'><strong>me</strong></span> <span class='ocrx_word' id='word_1_285' title='bbox 475 1918 643 1966; x_wconf 87' lang='lat' dir='ltr'><strong>audistis,</strong></span> <span class='ocrx_word' id='word_1_286' title='bbox 664 1932 706 1957; x_wconf 88' lang='lat' dir='ltr'><strong>re</strong></span> <span class='ocrx_word' id='word_1_287' title='bbox 725 1918 882 1970; x_wconf 84' lang='lat' dir='ltr'><strong>experti,</strong></span> <span class='ocrx_word' id='word_1_288' title='bbox 904 1920 1063 1969; x_wconf 87' lang='lat' dir='ltr'><strong>probare</strong></span> <span class='ocrx_word' id='word_1_289' title='bbox 1080 1917 1245 1968; x_wconf 86' lang='lat' dir='ltr'><strong>possitis.</strong></span> 
     </span>
    </p>
   </div>
   <div class='ocr_carea' id='block_1_3' title="bbox 590 2238 781 2261">
    <p class='ocr_par' dir='ltr' id='par_1_3' title="bbox 590 2238 781 2261">
     <span class='ocr_line' id='line_1_35' title="bbox 590 2238 781 2261; baseline 0 0"><span class='ocrx_word' id='word_1_290' title='bbox 590 2238 669 2261; x_wconf 66' lang='lat' dir='ltr'><strong>Tin-2</strong></span> <span class='ocrx_word' id='word_1_291' title='bbox 692 2239 781 2261; x_wconf 63' lang='lat' dir='ltr'><strong>Eun.</strong></span> 
     </span>
    </p>
   </div>
  </div>
 </body>
</html>
