1460 2661
234 517 845 584 &ORNEMUs
896 516 1237 580 NEPOS

602 685 678 727 DE
716 684 873 728 VITIS

92 803 721 883 ’EXCELLENTIUM
779 829 1330 888 IMPERATORUM,

354 983 416 1013 AD
439 983 582 1013 TITUM
606 982 877 1012 POMPONIUM
900 981 1116 1011 ATTICUM.

547 1317 579 1356 1.
611 1317 893 1355 MILTIADE
901 1317 938 1355 S.

145 1418 244 1457 CAP.
267 1419 298 1456 Ι.
357 1418 564 1462 Miltiades,
593 1417 672 1453 dua·
698 1415 930 1461 colonorum,
955 1415 994 1451 in
1020 1416 1153 1453 itinere
1172 1429 1197 1453 a
1220 1415 1332 1454 Lem-

596 1471 669 1506 niis
688 1470 884 1506 irridetur.

200 1570 446 1613 MILTIADES,
486 1568 658 1606 Cimonis
691 1567 804 1611 filius,
844 1567 1108 1614 Atheniensis,
1143 1582 1262 1618 quum
1296 1575 1335 1608 et

145 1623 373 1672 antiquitate
391 1622 555 1672 generiS‚
577 1627 614 1659 et
633 1622 757 1670 gloria
780 1621 980 1670 majorum,
1002 1628 1041 1659 et
1061 1620 1130 1660 su&
1149 1622 1335 1662 modestia

144 1689 245 1715 unus
276 1676 447 1714 omnium
478 1676 644 1712 maxime
670 1675 839 1721 floreret,
859 1673 978 1723 eaque
1004 1682 1104 1713 esset
1129 1682 1265 1722 aetate,
1292 1684 1335 1715 ut

144 1743 221 1768 non
241 1730 324 1779 jam
344 1730 466 1767 solum
486 1730 533 1766 de
551 1741 595 1766 eo
614 1730 712 1766 bene
732 1742 899 1778 sperare,
920 1729 986 1766 secl
1005 1730 1122 1767 etiam
1141 1732 1334 1769 confidere

144 1785 248 1823 cives
284 1789 439 1833 possent
477 1783 547 1828 sui,
577 1783 692 1820 talem
725 1783 913 1828 futurum,
947 1784 1099 1831 qualem
1134 1785 1334 1833 cognitum

138 1835 381 1887 judicati-unm
413 1837 563 1882 accidit,
590 1841 634 1873 ut
666 1837 927 1874 Athenienses
957 1836 1240 1874 Chersonesum
1270 1851 1332 1877 co-

143 1893 252 1929 lonos
283 1891 428 1928 vellent
458 1890 622 1928 mittere.
681 1890 804 1939 Cujus
835 1890 989 1938 generis
1021 1903 1141 1939 quum
1169 1890 1332 1940 magnus

145 1958 328 1983 numerus
361 1949 471 1988 esset,
501 1950 540 1981 et
572 1943 684 1981 multi
722 1944 804 1991 ejus
833 1943 1123 1992 demigrationis
1155 1951 1332 1993 peterent

146 2000 381 2042 societatem3
401 2011 451 2035 ex
469 1997 530 2034 his
549 1998 686 2035 delecti
705 1997 878 2046 Delphos
907 1997 1198 2047 (deliberatum)
1223 2000 1332 2037 missi

147 2058 246 2098 sunt,
267 2052 333 2101 qui
361 2051 604 2089 consulerent
623 2051 857 2100 Apollinem,
878 2063 954 2100 quo
972 2051 1215 2100 potissimum
1234 2054 1331 2092 duee

146 2111 360 2143 uterentur.
415 2105 594 2154 Namque
621 2110 705 2142 tum
734 2105 905 2143 Thraces
933 2117 997 2142 eas
1023 2106 1200 2155 regiones
1221 2113 1330 2146 tene-

146 2160 250 2204 bant,
272 2172 358 2196 cum
376 2159 516 2207 quibus
531 2159 647 2196 armis
663 2164 744 2196 erat
759 2159 1030 2197 dimicandum.
1087 2159 1164 2196 His
1176 2162 1329 2198 consul-

146 2211 301 2250 entibus
318 2212 545 2250 nominatim
567 2212 711 2262 Pythia
729 2212 933 2262 praecepit,
955 2218 998 2250 ut
1017 2213 1235 2251 Miltiadem
1254 2215 1329 2252 sibi

145 2266 415 2314 imperatorem
433 2271 644 2310 sumerent3
663 2266 703 2303 id
723 2267 755 2303 si
774 2266 964 2311 fecissent,
979 2267 1132 2316 incepta
1146 2280 1330 2317 prospera

146 2318 290 2356 futura.
347 2318 434 2356 Hoc
461 2319 605 2357 oraculi
632 2332 814 2369 responso
843 2320 1051 2366 Miltiades,
1072 2333 1160 2358 cum
1181 2320 1329 2359 delecta,

147 2384 275 2418 manu,
296 2371 414 2409 classe
435 2371 716 2410 Chersonesum
743 2372 949 2423 profectus,
969 2386 1089 2423 quum
1107 2375 1329 2413 accessisset

147 2425 349 2472 Lemnum,
371 2430 409 2463 et
436 2426 579 2463 incolas
607 2425 689 2474 ejus
714 2427 861 2465 insulae
889 2428 960 2464 sub
978 2433 1206 2476 potestatem
1224 2428 1327 2465 redi-

148 2491 239 2529 gere
256 2479 373 2518 vellet
398 2478 708 2527 Atheniensium,
729 2480 843 2528 idque
870 2486 913 2518 ut
934 2481 1085 2519 Lemnii
1104 2484 1173 2520 sua
1192 2487 1327 2531 sponte
