1496 2671
179 136 233 172 46
527 133 800 173 CORNELII
828 134 1075 173 NEPOTIS

182 253 296 289 quam
315 241 407 290 egit,
429 253 544 288 quam
563 254 693 290 regem
713 243 877 279 armavit
906 248 944 279 et
976 241 1165 280 excitavit
1195 242 1381 278 adversus

182 294 386 333 Romanos.
427 293 552 340 Quem
571 308 690 343 quum
710 297 861 333 videret
879 296 1098 334 domesticis
1117 296 1232 332 rebus
1252 295 1380 332 minus

179 361 264 386 esse
283 350 498 393 robustum,
513 349 741 387 conciliabat
761 356 908 387 ceteros
931 362 1053 398 regesi,
1069 345 1380 398 adjungebatque

178 403 380 440 bellicosas
400 403 586 440 nationes.
645 403 870 440 Dissidebat
889 404 937 440 ab
957 414 1004 440 eo
1021 402 1292 452 Pergamenus,
1307 415 1380 440 rex

181 456 390 501 Eumenes,
410 456 596 493 Romanis
616 457 872 494 amicissimus
892 472 901 500 ;
935 457 1155 505 bellumque
1184 456 1288 494 inter
1317 468 1382 493 eos

180 511 389 557 gerebatur
421 515 460 547 et
478 511 575 547 mari
604 518 643 548 et
671 509 802 548 terra:
833 522 908 558 quo
938 510 1062 559 magis
1091 510 1273 559 cupiebat
1291 522 1380 547 eum

183 563 380 601 Hannibal
399 564 578 613 opprimi.
638 563 715 602 Sed
735 565 940 613 utrobique
960 564 1154 601 Eumenes
1172 563 1260 611 plus
1275 563 1379 600 vale-

179 618 247 655 bat
265 623 424 666 propter
443 618 707 655 Romanorum
727 618 948 655 societatem
968 632 978 662 ;
998 630 1112 666 quem
1132 617 1165 654 si
1192 617 1380 654 removis-

180 677 248 717 set,
269 671 444 708 faciliora
474 671 548 708 sibi
568 678 696 709 cetera
727 671 811 709 fore
845 672 1120 708 arbitrabatur.
1175 670 1243 707 Ad
1276 670 1379 707 hunc

179 725 491 762 interficiendum
538 725 655 762 talem
692 725 781 762 iniit
817 726 1019 762 rationem.
1078 724 1212 762 Classe
1247 724 1381 772 paucis

183 779 321 816 diebus
340 786 451 816 erant
481 779 703 822 decreturi3
733 780 989 828 superabatur
1017 778 1177 816 navium
1204 777 1381 814 multitu-

182 833 274 870 dine
291 847 301 872 :
322 833 409 869 dolo
429 838 512 870 erat
531 833 797 881 pugnandum,
818 846 938 880 quum
957 845 1026 881 par
1041 845 1119 870 non
1134 837 1235 869 esset
1250 831 1382 868 armis.

181 884 395 936 Imperavit
410 898 524 933 quam
542 886 727 934 plurimas
743 894 951 924 venenatas
970 892 1167 935 serpentes
1179 885 1290 922 vivas
1302 885 1381 921 col-

130 955 133 957 *
182 940 265 989 ligi,
286 952 427 988 easque
446 940 487 976 in
508 952 600 976 vasa
619 940 754 977 fictilia
773 939 922 988 conjici.
981 939 1132 978 Harum
1151 951 1270 988 quum
1290 950 1382 975 con-

181 993 339 1031 fecisset
357 1006 537 1042 magnam
557 993 858 1038 multitudinem,
880 995 942 1031 die
970 994 1068 1043 ipso,
1100 1005 1176 1041 quo
1206 991 1380 1029 facturus

179 1053 263 1085 erat
282 1047 420 1084 navale
441 1047 640 1096 proelium,
661 1048 878 1085 classiarios
898 1053 1095 1091 convocat,
1116 1047 1254 1093 hisque
1270 1058 1380 1094 prae-

179 1102 288 1150 cipit,
309 1112 433 1137 omnes
452 1102 496 1138 ut
516 1103 560 1136 in
578 1111 695 1138 unam
713 1099 900 1138 Eumenis
924 1102 1025 1149 regis
1057 1100 1286 1138 concurrant
1314 1110 1383 1135 na-

181 1167 272 1201 vem,
291 1167 314 1190 a
333 1153 463 1191 ceteris
480 1155 628 1191 tantum
648 1155 743 1191 sotis·
760 1154 922 1191 habeant
939 1167 976 1191 se
1003 1152 1197 1204 defendere
1210 1165 1225 1198 ,·
1254 1151 1299 1188 id
1311 1151 1383 1202 sa-

181 1207 252 1245 eile
269 1207 362 1246 illos
381 1207 610 1258 serpentium
628 1207 878 1246 multitudine
900 1211 1169 1246 consecuturos
1178 1219 1193 1253 ,·
1222 1216 1290 1242 rex
1317 1219 1384 1244 au-

180 1264 251 1299 tem
270 1262 314 1298 in
333 1262 411 1312 quc2
430 1274 522 1298 nave
541 1261 749 1307 velleretur,
765 1263 808 1300 ut
823 1261 974 1307 scirent,
987 1274 1023 1299 se
1036 1261 1231 1312 facturum
1247 1286 1257 1306 ‚
1275 1271 1383 1309 quem

179 1316 216 1352 si
233 1318 302 1353 aut
320 1316 504 1364 cepissent
523 1317 590 1353 aut
608 1314 903 1365 interfecissent,
929 1328 1069 1365 magno
1094 1314 1156 1352 lzis
1172 1311 1385 1364 pollicetur

172 1369 344 1420 praemio
340 1368 457 1421 fore.

183 1510 284 1548 CAP.
315 1510 394 1547 XI.
453 1508 658 1547 Hannibal
689 1512 819 1547 contra
856 1508 1061 1548 Eumenem
1090 1521 1281 1562 pugnans
1307 1522 1384 1548 ser-

516 1569 651 1613 pentes
671 1563 831 1602 navibus
848 1563 1035 1601 immittit.

238 1640 346 1677 TALI
366 1639 630 1677 cohortatione
650 1639 817 1676 militum
837 1637 950 1684 facta,
971 1639 1104 1677 classis
1131 1640 1180 1677 ab
1207 1641 1382 1690 utrisque

183 1695 224 1731 in
244 1694 434 1743 proelium
463 1693 679 1730 deducitur.
737 1691 913 1739 Quarum
941 1693 1022 1730 acie
1050 1693 1270 1740 constituta,
1301 1696 1382 1744 pri·

186 1760 347 1797 usquam
367 1748 523 1796 signum
543 1759 697 1796 pugnae
724 1747 895 1792 daretur,
931 1747 1146 1792 Hannibal,
1179 1754 1222 1785 ut
1255 1749 1381 1797 palam

187 1802 332 1839 faceret
353 1802 444 1846 suis,
465 1813 542 1850 quo
574 1801 657 1838 loco
687 1799 884 1838 Eumenes
917 1806 1029 1845 esset,
1063 1801 1308 1839 tabellarium
1340 1803 1381 1838 in

186 1853 329 1904 scapha
348 1866 438 1892 cum
457 1854 624 1892 caduceo
643 1854 765 1891 mittit
782 1868 792 1898 ;
812 1854 890 1902 qui,
912 1854 979 1891 ubi
1000 1854 1046 1891 ad
1066 1867 1184 1892 naves
1199 1856 1380 1893 adversa·

184 1910 331 1946 riorum
350 1908 542 1957 pervenit,
564 1908 765 1958 epistolam
784 1908 1001 1953 ostendenS‚
1023 1919 1064 1945 se
1082 1921 1212 1958 regem
1233 1909 1382 1959 profes-

185 1976 251 2000 sus
271 1969 329 2000 est
347 1975 548 2011 quaerere.
609 1962 749 1999 Statim
769 1962 817 1999 ad
848 1961 1062 1999 Eumenem
1093 1962 1283 2001 deductus
1311 1970 1381 2006 est,

184 2017 288 2065 quod
307 2028 420 2053 nemo
446 2016 648 2053 dubitabat
681 2016 826 2064 aliquid
858 2015 905 2053 de
936 2028 1031 2064 pace
1063 2028 1145 2054 esse
1180 2017 1380 2066 scriptum.

186 2070 441 2114 Tabellarius,
475 2070 584 2106 ducis
616 2082 715 2106 nave
753 2067 947 2106 declarata
979 2069 1069 2114 suis,
1108 2070 1241 2108 eodem
1279 2071 1381 2108 unde

183 2125 283 2161 ierat
301 2136 342 2160 se
361 2123 518 2172 recepit.
576 2120 633 2160 At
653 2123 858 2168 Eumenes,
879 2123 1004 2160 soluta
1029 2123 1202 2172 epistola,
1223 2124 1324 2161 nihil
1341 2125 1383 2161 in

185 2176 231 2215 ea
260 2177 415 2226 reperit,
437 2177 512 2213 nisi
544 2177 648 2225 quod
681 2177 728 2213 ad
758 2177 1000 2213 irridendum
1034 2189 1122 2214 eum
1154 2178 1381 2226 pertineret.

185 2230 310 2280 Cujus
328 2230 400 2267 etsi
420 2243 574 2268 causam
603 2230 826 2274 mirabatur,
856 2243 982 2279 neque
1014 2231 1291 2280 reperiebatur,
1323 2237 1382 2268 ta·

183 2298 271 2322 men
293 2284 481 2334 proelium
501 2284 630 2321 statim
642 2284 884 2321 committere
897 2297 974 2321 non
990 2285 1197 2322 dubitavit.
1228 2285 1381 2322 Horum

185 2340 226 2377 in
251 2350 452 2382 concursu,
488 2337 666 2386 Bithyni,
700 2335 931 2375 Hannibalis
961 2344 1177 2387 praecepto,
1208 2339 1382 2375 universi

185 2405 323 2431 navem
345 2391 533 2429 Eumenis
552 2391 792 2429 adoriuntur.
852 2391 1028 2438 Quorum
1056 2393 1136 2430 vim
1162 2404 1282 2441 quum
1309 2404 1382 2430 rex
