1496 2671
193 200 239 235 12
525 197 572 235 Ο.
601 197 755 236 JULII
784 196 1043 236 CAESARIS

186 316 310 353 posse:
341 309 456 352 atque
483 303 600 352 hujus
627 305 808 353 potentiae
836 303 952 343 causa
979 310 1142 342 matrem
1169 304 1209 341 in
1229 303 1381 342 Bituri—

185 358 300 407 gibus
327 357 474 394 homini
506 358 585 395 illic
612 358 851 396 nobilissimo
878 371 922 396 ac
958 357 1225 406 potentissimo
1261 359 1377 396 collo-

186 423 307 448 casse:
327 411 455 458 ipsum
475 424 525 448 ex
553 409 746 449 Helvetiis
768 424 927 449 uxorem
946 412 1103 449 habere:
1132 424 1302 449 sororem
1329 424 1381 449 ex

186 471 309 501 matre
329 470 367 502 et
386 464 619 513 propinquas
639 477 726 502 suas
746 472 910 514 nuptum
929 465 971 501 in
989 465 1083 502 alias
1102 465 1280 503 civitates
1300 465 1379 503 col-

186 517 346 555 locasse:
375 517 508 555 favere
535 525 573 555 et
600 531 741 567 cupere
763 518 958 555 Helvetiis
977 524 1134 567 propter
1152 531 1237 556 eam
1256 518 1381 555 affini-

186 577 321 608 tatem:
351 571 477 608 odisse
505 571 621 609 etiam
641 585 709 609 suo
729 572 884 609 nomine
904 569 1096 608 Caesarem
1115 578 1154 608 et
1173 572 1379 617 Romanos,

186 625 289 673 quod
309 637 442 662 eorum
461 625 629 662 adventu
650 625 822 673 potentia
841 624 924 672 ejus
943 624 1134 662 diminuta
1153 630 1192 662 et
1210 625 1381 662 Divitia-

186 690 255 715 cus
283 677 399 715 frater
425 680 467 715 in
491 679 694 726 antiquum
722 679 848 716 locum
869 677 1002 727 gratiae
1021 684 1137 726 atque
1155 679 1311 716 honoris
1330 679 1382 716 sit

187 731 402 768 restitutus.
450 731 490 769 Si
511 733 604 780 quid
624 732 772 769 accidat
793 732 988 776 Romanis,
1010 744 1198 769 summam
1218 732 1257 768 in
1274 744 1382 782 spem

186 785 298 834 regni
329 785 528 823 obtinendi
557 798 626 834 per
655 785 860 822 Helvetios
889 785 1041 829 venire;
1067 785 1230 834 imperio
1250 785 1382 834 populi

189 838 356 875 Romani
395 851 471 876 non
504 840 617 876 modo
643 839 691 875 de
721 850 852 886 regno,
886 839 955 876 sed.
981 839 1099 876 etiam
1126 839 1174 876 de
1201 836 1248 876 ea
1266 851 1382 887 quam

187 892 328 929 habeat
373 890 500 940 gratia
546 891 761 940 desperare.
820 892 1055 941 Reperiebat
1091 892 1208 930 etiam
1252 892 1382 941 inqui-

187 946 308 982 rendo
339 944 479 990 Caesar,
510 946 611 994 quod
632 946 807 994 praelium
828 952 1005 993 equestre
1024 946 1230 983 adversum
1251 946 1384 994 paucis

189 1006 278 1035 ante
307 998 442 1035 diebus
472 1005 572 1036 esset
599 998 756 1044 factum,
786 999 943 1035 initium
972 998 1054 1047 ejus
1076 999 1180 1048 fugae
1198 999 1344 1037 factum
1363 1012 1386 1037 a

188 1051 431 1100 Dumnorige
450 1058 565 1101 atque
586 1052 670 1100 ejus
690 1052 886 1101 equitibus
914 1052 1024 1101 (nam
1047 1053 1249 1102 equitatui,
1269 1065 1385 1101 quem

188 1105 336 1143 auxilio
376 1104 521 1142 Caesari
551 1106 676 1142 AEdui
705 1107 901 1150 miserant,
932 1106 1154 1143 Dumnorix
1186 1106 1385 1156 praeerat);

189 1171 322 1196 eorum
343 1157 436 1208 fuga
455 1160 647 1208 reliquum
668 1172 750 1197 esse
769 1160 984 1208 equitatum
1004 1160 1265 1208 perterritum.

243 1212 368 1248 XIX.
404 1211 556 1258 Quibus
584 1215 699 1250 rebus
729 1213 904 1262 cognitis,
935 1226 1055 1262 quum
1084 1214 1133 1250 ad
1160 1213 1230 1251 has
1258 1213 1384 1262 suspi-

189 1265 319 1303 ciones
348 1267 572 1303 certissimae
600 1279 661 1304 res
690 1267 927 1310 accederent,
957 1267 1060 1314 quod
1090 1279 1160 1315 per
1187 1267 1284 1304 fines
1315 1267 1384 1304 Se-

189 1332 214 1367 q
220 1332 405 1356 uanorum
429 1319 630 1357 Helvetios
649 1320 899 1365 traduxisset,
919 1321 1022 1368 quod
1040 1321 1192 1357 obsides
1207 1321 1309 1357 inter
1321 1332 1386 1358 eos

189 1373 335 1409 dandos
355 1379 537 1418 curasset,
559 1373 662 1422 quod
682 1386 727 1410 ea
746 1374 874 1410 omnia
893 1386 971 1409 non
996 1374 1110 1410 modo
1137 1373 1288 1422 injussu
1317 1386 1386 1410 suo

189 1432 228 1462 et
248 1426 430 1472 civitatis,
453 1427 519 1463 sed
538 1427 653 1464 etiam
673 1427 926 1464 inscientibus
944 1427 1039 1475 ipsis
1058 1425 1220 1472 fecisset,
1241 1427 1345 1476 quod
1364 1439 1387 1464 a

189 1480 419 1527 magistratu
457 1479 678 1516 AEduorum
715 1487 975 1517 accusaretur:
1013 1480 1107 1518 satis
1145 1493 1227 1518 esse
1263 1493 1388 1518 causae

189 1533 592 1581 arbitrabatur‚quare
607 1533 648 1570 in
667 1544 756 1570 eum
777 1540 844 1570 aut
862 1534 945 1582 ipse
964 1534 1302 1580 animadverteret,
1319 1541 1389 1572 aut

188 1587 387 1623 civitatem
415 1587 723 1625 animadvertere
748 1586 918 1635 juberet.
965 1587 1054 1625 ,His
1072 1588 1252 1625 omnibus
1269 1588 1386 1625 rebus

189 1652 311 1676 unum
340 1641 592 1689 repugnabat,
623 1641 726 1688 quod
756 1640 943 1677 Divitiaci
972 1640 1104 1679 fratris
1131 1654 1326 1679 summum
1343 1641 1386 1678 in

189 1693 375 1742 populum
405 1694 625 1730 Romanum
658 1694 840 1739 studium,
871 1706 1060 1732 summam
1086 1695 1128 1731 in
1148 1707 1189 1731 se
1207 1695 1386 1731 volunta·

189 1752 279 1792 tem,
303 1747 499 1796 egregiam
517 1747 643 1792 fidem,
658 1747 868 1796 justitiam,
883 1748 1177 1796 temperantiam
1196 1760 1388 1797 cognove-

189 1805 266 1837 rat:
286 1813 374 1838 nam
396 1813 445 1838 ne
465 1800 549 1848 ejus
570 1801 759 1850 supplicio
776 1801 966 1838 Divitiaci
980 1801 1151 1838 animum
1163 1800 1386 1847 offenderet,

190 1855 411 1891 verebatur.
467 1854 608 1903 Itaque
647 1855 872 1902 priusquam
911 1854 1122 1903 quidquam
1169 1860 1385 1900 conaretur,

191 1906 431 1944 Divitiacum
452 1908 500 1945 ad
521 1920 560 1945 se
582 1908 709 1945 vocari
723 1907 852 1955 jubet:
873 1914 912 1945 et
931 1908 1167 1956 quotidianis
1194 1908 1387 1956 interpre-

191 1961 296 1998 tibus
326 1962 495 2006 remotis,
527 1974 595 2010 per
625 1961 669 1998 C.
702 1961 905 1998 Valerium
928 1961 1152 2007 Procillum,
1173 1961 1388 2010 principem

193 2011 332 2050 Galliae
353 2015 571 2062 provinciae,
590 2014 818 2052 familiarem
834 2027 957 2059 suum,
975 2015 1037 2052 cui
1057 2027 1245 2052 summam
1257 2027 1387 2052 rerum

190 2068 362 2103 omnium
382 2069 497 2105 fidem
516 2068 692 2113 habebat,
708 2081 796 2105 cum
815 2081 861 2105 eo
880 2068 1127 2117 colloquitur:
1147 2068 1264 2105 simul
1280 2080 1385 2105 com-

190 2120 408 2166 monefacit,
429 2134 514 2169 quae
544 2122 629 2170 ipso
656 2128 844 2170 praesente
866 2122 908 2157 in
934 2122 1096 2159 concilio
1116 2121 1320 2159 Gallorum
1339 2121 1386 2159 de

190 2172 434 2221 Dumnorige
454 2175 532 2211 sint
551 2175 665 2221 dicta,
687 2182 725 2212 et
744 2175 924 2220 ostendit,
943 2188 1028 2223 quae
1051 2175 1257 2224 separatim
1280 2175 1386 2224 quis-

190 2239 266 2274 que
284 2227 331 2263 de
350 2240 394 2263 eo
415 2228 516 2276 apud
536 2240 577 2265 se
597 2228 757 2265 dixerit.
777 2228 876 2276 petit
895 2235 1010 2277 atque
1030 2229 1100 2265 h01
1103 2234 1217 2273 tatur,
1240 2234 1282 2265 ut
1302 2228 1386 2265 sine

191 2279 276 2327 ejus
297 2280 509 2318 offensione
529 2281 647 2318 animi
667 2281 757 2318 vel
747 2292 830 2330 ipse
852 2282 899 2319 de
914 2294 971 2327 eo,
987 2284 1100 2320 causa
1114 2279 1279 2331 cognita,
1292 2286 1386 2318 stat-

191 2341 269 2377 uat,
291 2333 353 2371 vel
372 2334 570 2371 civitatem
590 2341 759 2372 statuere
781 2335 933 2382 jubeat.

245 2386 343 2424 XX.
376 2387 592 2426 Divitiacus
613 2388 744 2425 multis
764 2401 850 2426 cum
870 2389 1049 2434 lacrimis,
1072 2387 1262 2426 Caesarem
1281 2399 1384 2425 com-

189 2439 342 2488 plexus,
370 2441 568 2478 obsecrare
606 2442 733 2490 coepit,
768 2455 815 2480 ne
847 2443 940 2491 quid
969 2443 1127 2491 gravius
1155 2442 1195 2478 in
1224 2440 1383 2478 fratrem

701 2496 726 2521 ι
