1496 2671
361 192 434 229 DE
463 191 643 230 BELLO
674 191 924 231 GALLIOO
952 192 1057 230 LIB.
1086 192 1121 229 Ι.
1310 196 1335 230 9

148 312 267 349 quum
294 298 404 335 domo
438 297 593 343 exisset,
622 303 776 346 patrum
812 305 1027 336 nostrorum
1061 298 1256 344 memoria,
1284 298 1333 335 L.

151 352 326 391 Cassium
347 351 540 389 consulem
561 351 818 396 interfecerat,
848 358 887 388 et
915 352 998 400 ejus
1027 353 1241 390 exercitum
1260 353 1334 389 sub

142 405 282 454 jugum
301 404 472 441 miserat.
529 405 601 450 Ita,
632 405 714 441 sive
742 417 843 448 casu,
875 405 956 442 sive
985 406 1143 442 consilio
1164 405 1334 442 Deorum

148 457 435 503 immortalium,
468 471 554 506 quae
591 471 679 506 pars
716 457 885 494 civitatis
922 457 1114 496 Helvetiae
1141 459 1334 507 insignem

146 510 400 548 calamitatem
437 512 578 560 populo
616 511 789 548 Romano
830 511 1024 556 intulerat,
1074 525 1120 548 ea
1155 512 1335 560 princeps

146 576 277 612 poenas
297 564 492 612 persolvit.
551 563 638 610 Qua
656 565 696 600 in
716 577 758 601 re
768 562 898 601 Caesar
910 577 986 601 non
1007 565 1127 601 solum
1148 565 1334 614 publicas,

146 617 212 654 sed
230 617 346 654 etiam
378 617 549 666 privatas
568 617 730 665 injurias
764 618 867 654 ultus
899 624 970 662 est,
990 618 1091 665 quod
1111 617 1142 666 ej
1152 631 1192 655 us
1213 619 1335 655 soceri

144 669 189 706 L.
210 668 360 707 Pisonis
379 684 506 715 avum,
528 669 573 706 L.
594 671 773 708 Pisonem
794 671 977 719 legatum,
999 671 1181 719 Tigurini
1202 672 1335 709 eodem

146 723 283 772 proelio
303 737 378 773 quo
400 723 576 761 Cassium
597 724 881 761 interfecerant.

200 776 328 814 XIII.
357 777 442 815 Hoc
461 778 595 826 proelio
613 777 726 823 facto,
740 777 908 826 reliquas
920 777 1048 825 copias
1064 776 1336 814 Helvetiorum

144 835 188 866 ut
207 832 386 878 consequi
406 837 544 880 posset,
574 838 728 880 pontem
758 832 798 867 in
828 831 945 868 Arari
966 830 1184 867 faciendum
1214 837 1334 875 curat,

145 889 261 932 atque
296 884 352 921 ita
380 885 593 921 exercitum
621 885 850 922 transducit.
919 884 1104 928 Helvetii,
1133 884 1337 932 repentino

145 935 228 984 ejus
242 937 408 975 adventu
421 938 611 981 commoti,
626 951 745 986 quum
764 939 802 974 id
823 938 924 985 quod
943 937 1017 986 ipsi
1039 937 1174 974 diebus
1195 937 1334 985 viginti

147 991 344 1038 {egerrime
365 990 619 1034 confecerant,
652 998 694 1028 ut
722 992 866 1028 flumen
886 991 1107 1035 transirent,
1128 1003 1205 1027 uno
1225 991 1335 1026 illum

146 1043 209 1079 die
228 1043 364 1081 fecisse
384 1045 659 1093 intelligerent,
681 1045 825 1093 legatos
845 1045 892 1081 ad
911 1057 999 1081 eum
1020 1044 1195 1080 mittunt:
1225 1044 1335 1091 cujus

146 1096 349 1144 legationis
369 1096 508 1134 Divico
528 1097 705 1145 princeps
726 1098 810 1140 fuit,
832 1098 898 1145 qui
927 1098 1027 1134 bello
1049 1096 1234 1134 Cassiano
1254 1097 1335 1133 dux

145 1148 418 1186 Helvetiorum
432 1150 572 1187 fuerat.
625 1150 666 1186 Is
682 1151 735 1187 ita
750 1163 836 1187 cum
851 1149 1003 1188 Caesare
1018 1150 1114 1199 agit:
1147 1150 1187 1188 Si
1204 1163 1334 1198 pacem

145 1202 309 1251 populus
325 1203 521 1240 Romanus
541 1216 626 1239 cum
646 1203 838 1241 Helvetiis
854 1204 1008 1249 faceret,
1030 1204 1167 1240 ineam
1186 1211 1336 1252 partem

144 1255 266 1293 ituros
286 1261 400 1304 atque
420 1257 475 1293 ibi
506 1256 656 1293 futuros
690 1257 906 1302 Helvetios,
928 1258 989 1294 ubi
1011 1269 1074 1294 eos
1096 1256 1226 1294 Caesar
1245 1269 1334 1294 con-

145 1309 333 1346 stituisset
352 1315 467 1358 atque
486 1322 568 1347 esse
587 1310 787 1347 voluisset:
808 1311 867 1347 sin
889 1311 989 1347 bello
1008 1310 1185 1358 persequi
1206 1322 1335 1358 perse-

145 1368 310 1407 veraret,
326 1363 636 1401 reminisceretur
649 1370 686 1400 et
708 1365 849 1400 veteris
864 1364 1094 1400 incommodi
1112 1365 1243 1412 populi
1257 1363 1336 1400 Ro-

145 1416 260 1457 mani,
277 1422 315 1453 et
330 1416 502 1465 pristinas
514 1417 671 1453 virtutis
688 1417 973 1454 Helvetiorum.
997 1415 1109 1462 Quod
1125 1417 1336 1465 improviso

146 1481 267 1505 unum
287 1481 427 1518 pagum
448 1470 604 1507 adortus
624 1476 734 1514 esset,
751 1483 870 1518 quun]
887 1471 914 1506 ii
934 1470 1000 1518 qui
1019 1470 1163 1506 flumen
1179 1469 1337 1506 transis-

146 1528 242 1566 sent,
263 1523 342 1559 suis
362 1523 549 1559 auxilium
583 1522 684 1560 ferre
712 1536 788 1559 non
820 1529 986 1572 possent,
1020 1536 1069 1560 ne
1088 1524 1137 1560 ob
1156 1535 1239 1560 eam
1254 1535 1336 1560 rem

145 1580 212 1612 aut
231 1587 308 1612 suae
328 1589 467 1624 magno
486 1589 600 1624 opere
621 1577 757 1613 virtuti
777 1577 978 1621 tribueret,
998 1582 1066 1614 aut
1084 1577 1188 1625 ipsos
1208 1576 1335 1625 despi-

145 1634 264 1677 ceret:
294 1641 333 1666 se
360 1630 415 1666 ita
444 1642 465 1666 a
484 1629 658 1678 patribus
677 1629 962 1679 majoribusque
982 1630 1062 1666 suis
1081 1629 1271 1675 didicisse,
1292 1635 1336 1666 ut

143 1682 266 1730 magis
281 1682 424 1719 virtute
443 1695 556 1731 quam
573 1683 658 1719 dolo
671 1682 961 1728 contenderent,
979 1688 1046 1720 aut
1065 1683 1215 1720 insidiis
1234 1683 1335 1720 nite-

143 1741 293 1772 rentur.
351 1734 482 1781 Quare
498 1748 547 1773 ne
560 1736 830 1781 committeret,
851 1742 893 1773 ut
911 1737 945 1773 is
964 1736 1084 1782 locus,
1103 1737 1171 1773 ubi
1190 1735 1333 1773 consti-

143 1788 290 1834 tissent,
325 1789 618 1826 ex-calamitate
646 1790 777 1838 populi
807 1790 972 1827 Romani
1003 1795 1041 1827 et
1070 1789 1335 1826 internecione

144 1842 340 1879 exercitus
361 1855 500 1879 nomen
519 1849 683 1891 caperet,
714 1849 780 1880 aut
796 1843 1018 1880 memoriam
1038 1843 1230 1890 proderet.

199 1893 318 1932 XIV.
349 1895 425 1932 His
447 1894 577 1932 Caesar
597 1897 651 1933 ita
669 1897 882 1944 respondit:
903 1896 962 1932 Eo
982 1896 1202 1933 sibiminus
1222 1895 1336 1933 dubi-

145 1948 302 1985 tationis
318 1949 412 1993 dari,
434 1950 535 1997 quod
555 1962 619 1986 eas
639 1962 700 1986 res
719 1962 814 1998 quas
834 1949 951 1998 legati
974 1949 1147 1985 Helvetii
1168 1961 1333 1986 comme-

145 2008 367 2046 morassent,
397 2000 582 2040 memoria
610 2009 774 2040 teneret:
804 2008 920 2051 atque
957 2015 1001 2039 eo
1028 2002 1187 2050 gravius
1220 2002 1334 2047 ferre,

145 2066 222 2102 quo
253 2055 380 2092 minus
408 2056 546 2092 merito
567 2056 699 2105 populi
729 2056 894 2092 Romani
929 2056 1171 2092 accidissent:
1201 2056 1267 2103 qui
1302 2056 1335 2092 si

146 2107 308 2156 alicujus
327 2107 378 2156 inj
388 2109 478 2145 uriae
498 2109 569 2145 sibi
583 2109 757 2146 conscius
777 2108 927 2154 fuisset,
945 2121 1020 2145 non
1041 2108 1160 2145 fuisse
1179 2109 1335 2146 difficile

146 2173 299 2204 cavere;
328 2161 394 2197 sed
413 2174 457 2198 eo
477 2160 688 2211 deceptum,
708 2163 810 2211 quod
830 2174 954 2209 neque
974 2162 1218 2199 commissum
1248 2175 1269 2199 a
1292 2174 1333 2199 se

144 2213 390 2262 intelligeret,
412 2226 528 2261 quare
543 2216 710 2253 timeret:
740 2228 864 2264 neque
883 2216 966 2252 sine
986 2215 1100 2252 causa
1121 2215 1334 2251 timendum

145 2273 314 2315 putaret.
371 2265 484 2313 Quod
511 2268 544 2304 si
572 2269 715 2306 veteris
735 2269 975 2306 contumeliae
1003 2268 1178 2305 oblivisci
1198 2269 1332 2311 vellet3

145 2333 238 2356 num
258 2321 374 2357 etiam
406 2321 618 2357 recentium
647 2321 891 2370 injuriarum,
922 2322 1024 2370 quod
1053 2335 1097 2359 eo
1116 2322 1240 2357 invito
1260 2321 1335 2357 iter

145 2385 214 2422 per
234 2373 480 2410 Provinciam
500 2385 568 2421 per
587 2375 667 2410 vim
680 2381 901 2420 tentassent,
923 2376 1024 2424 quod
1044 2375 1208 2418 AEduos,
1229 2373 1332 2421 quod

145 2427 370 2472 Ambarros,
391 2427 491 2475 quod
515 2426 744 2476 Allobrogas
765 2434 978 2473 vexassent,
1014 2428 1237 2465 memoriam
1267 2427 1332 2463 de=
