1496 2671
370 79 575 145 LAEMUS
600 97 676 139 DE
705 96 969 137 ΑΜΙΟΙΤΙΑ.
1207 97 1255 136 31

86 215 126 248 ut
143 209 197 246 ait
209 208 308 246 idem
329 205 548 249 Terentius:
577 205 642 241 sed
660 205 723 242 ille
743 207 811 244 sub
832 205 1045 244 Gnathonis
1060 217 1219 255 persona
1239 218 1247 240 ;

90 262 190 312 quod
211 260 356 312 [amici]
375 271 495 308 genus
513 257 701 304 adhibere,
718 259 868 296 omnino
887 259 1049 297 levitatis
1067 263 1134 297 cst.
1190 257 1256 297 94.

84 315 194 362 Multi
213 321 334 360 autem
355 312 599 350 Gnathonum
616 311 755 349 similes
775 325 885 360 quum
907 313 993 359 sint,
1014 313 1107 359 loco,
1136 311 1255 353 fortu-

85 382 143 415 na,
158 369 256 411 fama
275 366 482 416 superiores
497 377 505 402 :
525 365 657 406 horum
670 370 727 402 est
739 367 942 404 assentatio
957 366 1124 412 molesta,
1143 377 1254 414 quum

86 422 134 460 ad
165 421 366 462 vanitatem
404 419 555 458 accessit
583 419 797 456 auctoritas.
853 420 918 458 95.
949 419 1099 458 Secerni
1133 425 1259 460 autem

89 475 248 523 blandus
265 474 403 512 amicus
423 486 444 510 a
455 486 543 510 vero
561 478 599 510 et
612 473 815 510 internosci
835 478 908 510 tam
926 479 1062 522 potest,
1091 473 1259 514 adhibita

85 528 403 577 diligentia,quam
419 527 543 564 onmia
560 526 683 564 fucata
697 531 734 564 et
753 526 926 564 simulata
945 540 964 564 a
981 527 1131 566 sinceris
1150 533 1260 576 atque

83 582 190 620 veris.
247 582 399 627 Concio,
429 593 511 630 quoe
542 593 588 617 ex
615 580 900 629 imperitissimis
935 586 1093 626 constat,
1132 586 1257 619 tamen

74 635 246 684 judicare
265 635 370 680 solet,
400 634 490 683 quid
509 634 658 672 intersit
676 633 774 671 inter
793 633 1025 683 popularem,
1044 635 1084 671 id
1103 640 1171 679 cst,
1201 648 1257 672 as-

80 694 303 727 sentatorem
316 694 353 726 et
366 689 484 725 levem
498 688 625 733 civem,
645 692 682 725 et
695 687 792 725 inter
806 693 1052 733 constantem,
1074 701 1255 733 severum,

82 748 118 780 et
136 755 297 792 gravem.
356 742 500 788 Quibus
519 740 712 778 blanditiis
728 741 838 778 Caius
860 740 1030 790 Papirius
1050 754 1169 791 nuper
1196 743 1254 779 in-

84 796 222 834 fluebat
239 796 279 832 in
298 808 402 832 aures
415 795 614 839 concionis,
632 806 744 842 quum
757 794 869 833 ferret
883 795 1003 844 legem
1018 795 1066 832 de
1083 796 1257 832 Tribunis

78 849 194 898 plebis
212 849 420 887 reficiendis
439 848 447 887 Ξ
506 848 760 885 Βᾲεευᾶεἰηωε
778 861 859 885 nos.
917 847 978 887 96.
1011 849 1085 886 Sed
1098 849 1191 886 nihil
1212 849 1258 886 de

86 916 166 941 me:
188 903 236 940 dc
256 903 428 952 Scipione
447 902 566 939 dicam
586 902 772 939 libentius.
830 902 982 947 Quanta
1000 902 1074 948 illa,
1095 903 1160 939 Dii
1189 903 1257 940 im-

85 957 283 995 mortales!
314 956 384 994 fuit
403 955 592 1005 gravitas!
624 960 763 1004 quanta
791 955 830 991 in
858 957 1027 994 oratione
1053 957 1256 1005 majestas!

83 1016 124 1049 ut
142 1011 249 1048 facilc
268 1010 399 1047 ducem
421 1009 547 1059 populi
566 1009 740 1054 Romani,
773 1007 867 1059 [non
887 1009 1080 1062 comitem]
1104 1010 1256 1048 diceres.

83 1065 158 1102 Sed
177 1064 371 1107 adfuistis3
393 1068 431 1101 ct
450 1068 506 1102 est
524 1063 563 1100 in
584 1063 753 1099 manibus
773 1063 905 1101 oratio.
960 1063 1093 1112 Itaque
1111 1064 1172 1101 lex
1191 1077 1257 1114 po-

83 1118 221 1167 pularis
241 1117 426 1166 suffragiis
444 1116 573 1167 populi
592 1116 786 1165 repudiata
805 1122 874 1155 est.
929 1115 1067 1166 Atque,
1082 1124 1123 1156 ut
1138 1117 1185 1155 ad
1200 1131 1259 1155 me

80 1171 240 1217 redeam,
269 1170 498 1216 meministis,
531 1170 674 1216 Quinto
702 1170 878 1216 Maximo,
917 1171 1031 1208 fratre
1058 1171 1251 1221 Scipionis,

85 1230 122 1262 ct
149 1224 268 1262 Lucio
288 1223 465 1261 Mancino
500 1223 736 1269 Consulibus,
765 1236 874 1272 quam
904 1226 1092 1274 popularis
1123 1225 1184 1263 lex
1213 1226 1261 1262 dc

83 1277 297 1316 sacerdotiis
337 1276 420 1314 Caii
452 1277 588 1314 Licinii
617 1277 738 1314 Crassi
775 1278 971 1316 ridebatur
991 1279 1000 1316 ἶ
1058 1277 1260 1328 Cooptatio

84 1332 183 1369 onim
210 1331 451 1379 collegiorum
481 1331 529 1367 ad
552 1330 678 1380 populi
705 1331 924 1368 beneficium
953 1332 1257 1371 transferebatur.

84 1387 207 1433 Atque
226 1385 256 1422 is
275 1385 435 1435 primum
462 1384 637 1430 instituit,
667 1383 706 1420 in
732 1384 853 1421 forum
880 1398 1018 1431 versus,
1039 1399 1150 1434 agere
1176 1400 1258 1424 cum

84 1438 231 1488 populo.
308 1438 450 1475 Tamen
491 1438 590 1474 illius
627 1437 850 1475 vendibilem
888 1439 1092 1478 orationem
1128 1440 1264 1489 religio

86 1493 252 1529 Deorum
272 1491 550 1535 immortalium,
570 1491 676 1528 nobis
695 1491 989 1538 defendentibus,
1010 1493 1117 1531 facile
1136 1494 1259 1531 vince-

85 1548 162 1584 bat.
218 1546 342 1594 Atque
361 1545 399 1581 id
419 1552 542 1583 actum
559 1550 614 1582 est
629 1545 797 1583 Praetore
814 1558 884 1592 me,
899 1547 1154 1595 quinquennio
1174 1553 1261 1585 ante

87 1612 196 1648 quam
216 1599 356 1636 Consul
376 1611 455 1635 sum
474 1598 606 1636 factus.
662 1598 792 1648 Itaque
819 1612 860 1636 re
887 1600 1016 1650 magis,
1039 1612 1147 1648 quam
1174 1615 1260 1639 auc-

90 1654 253 1699 toritate,
274 1665 383 1690 causa
400 1652 464 1689 illa
483 1652 633 1690 defensa
652 1658 720 1690 est.

141 1706 284 1744 XXVI.
315 1706 378 1745 97.
410 1706 521 1751 Quod
541 1706 571 1743 si
590 1706 627 1743 in
649 1718 768 1752 scena,
789 1707 828 1743 id
856 1712 924 1753 est,
952 1708 992 1744 in
1011 1708 1200 1755 concione,
1220 1709 1261 1745 in

88 1773 158 1808 qua
177 1761 286 1798 rebus
305 1759 401 1797 fictis
420 1766 458 1798 ct
476 1760 704 1798 adumbratis
731 1760 804 1798 loci
822 1761 1022 1810 plurimum
1043 1768 1110 1808 est,
1132 1767 1259 1800 tamen

88 1827 213 1851 verum
233 1814 345 1859 valet,
366 1814 396 1850 si
415 1814 527 1866 modo
546 1813 587 1850 id
604 1813 832 1863 patefactum
862 1820 899 1852 et
927 1815 1153 1854 illustratum
1173 1822 1228 1854 est
1249 1831 1259 1854 ;

88 1867 175 1916 quid
195 1868 233 1904 in
253 1867 413 1905 amicitia
431 1867 512 1904 fieri
531 1871 689 1917 oportet,
710 1880 791 1917 quoe
811 1872 892 1906 tota
919 1869 1076 1907 veritate
1102 1882 1260 1920 perpen-

88 1921 190 1959 ditur
208 1921 227 1958 ἰ)
253 1921 293 1958 in
321 1933 392 1969 qua
419 1921 501 1967 nisi,
531 1926 574 1959 ut
602 1921 748 1969 (licitur,
769 1927 937 1971 apertum
964 1928 1094 1972 pectus
1121 1923 1258 1970 videas,

88 1981 265 2022 tuumque
283 1975 467 2020 ostendas,
485 1974 578 2011 nihil
596 1975 724 2021 fidum,
742 1975 834 2011 nihil
849 1976 1079 2025 exploratum
1098 1977 1264 2022 habcas;

92 2041 138 2065 ne
158 2040 280 2065 amare
300 2028 457 2076 quidem,
477 2034 541 2066 aut
561 2028 673 2065 amari
690 2041 698 2072 ;
729 2040 852 2077 quum,
872 2029 913 2066 id
940 2043 1050 2079 quam
1078 2043 1164 2068 vere
1181 2032 1259 2077 fiat,

90 2082 249 2130 ignores.
307 2081 527 2130 Quanquam
547 2082 618 2120 ista
638 2083 850 2129 assentatio,
872 2085 1038 2132 quamw's
1056 2084 1263 2134 perniciosa

89 2137 147 2181 sit,
168 2147 301 2172 nocere
312 2139 446 2180 ‚tamen
473 2136 611 2173 nemini
636 2141 770 2185 potest,
791 2136 861 2173 nisi
882 2137 927 2183 ei,
948 2138 1009 2186 qui
1029 2151 1109 2175 eam
1128 2138 1259 2188 recipit

90 2194 200 2236 atque
219 2201 262 2225 ea
280 2187 498 2226 delectatur.
554 2189 613 2228 Ita
631 2190 686 2235 fit,
704 2195 745 2227 ut
763 2190 794 2227 is
813 2192 1102 2229 assentatoribus
1119 2193 1259 2242 patefa·

90 2243 164 2280 ciat
182 2255 289 2279 aures
317 2254 401 2278 suas
428 2242 598 2288 maxime,
628 2243 691 2291 qui
717 2244 796 2294 ipse
823 2245 893 2282 sibi
920 2251 1129 2284 assentetur
1156 2252 1194 2284 et
1222 2259 1259 2283 se

88 2296 247 2333 maxime
261 2295 339 2345 ipse
354 2295 523 2333 delectet.
579 2296 642 2334 98.
663 2297 827 2335 Omnino
846 2303 902 2337 est
915 2312 1042 2337 amans
1058 2299 1114 2336 sui
1129 2300 1260 2337 virtus.

95 2349 245 2401 Optime
270 2349 367 2387 enim
397 2362 436 2387 se
463 2349 542 2400 ipsa
568 2349 683 2397 novit,
713 2363 895 2401 quamque
922 2353 1088 2391 amabilis
1116 2353 1174 2398 sit,
1203 2353 1261 2389 in-
