1496 2671
275 135 326 172 40
591 133 756 172 LIBER
785 133 1055 181 QUARTUS.

273 243 386 280 muris
405 243 528 281 subito
546 242 802 281 devolvebant.
840 242 921 280 Nec
947 242 1024 280 ulla
1050 240 1164 291 pestis
1191 239 1308 289 magis
1326 238 1432 279 time*

272 297 382 334 batur
402 311 409 334 :
451 296 586 346 quippe
621 297 686 334 ubi
720 297 870 334 loricam
906 307 1110 346 corpusque
1144 295 1290 331 fervens
1325 305 1436 331 arena

272 356 540 399 penetraverat,
569 363 637 388 nec
655 350 731 388 ulla
749 350 786 388 vi
803 350 928 388 excuti
945 354 1103 399 poterat,
1123 354 1162 387 et
1180 346 1360 398 quidquid
1379 351 1436 384 at-

273 404 408 452 tigerat
426 405 624 453 perurebat
641 417 650 448 3
675 405 929 454 jacientesque
947 415 1059 448 arma,
1079 402 1247 440 laceratis
1265 400 1436 438 omnibus

273 458 375 505 queis
393 458 539 507 protegi
550 463 733 508 poterant,
754 457 968 495 vulneribus
985 457 1097 494 inulti
1115 456 1314 506 patebant:
1335 453 1436 491 corvi

273 523 358 548 vero
377 517 415 549 et
433 511 571 549 ferreae
598 525 727 550 manus
754 511 949 550 tormentis
977 510 1128 547 emissae
1154 510 1349 559 plerosque
1375 520 1435 544 ra-

271 565 437 613 piebant.

326 619 432 655 XVI.
461 620 498 657 4.
519 619 595 656 Hic
614 632 679 656 rex
692 618 882 667 fatigat-us,
903 621 1085 655 statuerat
1099 616 1220 654 soluta
1238 616 1430 653 obsidione

272 672 486 722 Aegyptum
504 678 658 722 petere;
687 673 823 721 quippe
849 684 964 720 quum
982 671 1110 708 Asiam
1136 670 1280 719 ingenti
1307 669 1433 707 celeri-

273 732 350 764 tate
368 727 620 776 percurrisset,
650 727 746 763 circa
773 738 897 762 muros
916 724 1025 762 unius
1044 724 1146 761 urbis
1163 724 1350 768 haerebat,
1379 727 1437 760 tot

271 780 512 818 maximarum
548 793 671 818 rerum
707 779 986 829 opportunitate
1013 779 1171 815 dimissa.
1246 777 1432 820 Ceterum,

272 841 347 871 tam
375 834 563 872 discedere
589 834 735 872 irritum
763 845 873 882 quam
899 832 1034 869 morari
1051 833 1228 881 pudebat.
1284 830 1436 867 Famam

273 900 429 936 quoque,
451 901 524 937 qua
550 888 668 937 plura,
699 900 808 936 quam
827 887 948 931 armis,
970 891 1164 929 everterat,
1193 889 1295 922 ratus
1322 883 1437 920 levio-

272 953 349 977 rem
364 941 454 985 fore,
469 942 499 978 si
519 941 672 991 Tyrum,
694 941 796 989 quasi
813 946 944 978 testem
963 952 1002 976 se
1020 952 1126 988 posse
1145 939 1254 983 vinci,
1273 937 1438 985 reliquis-

271 1001 340 1031 set.
397 994 517 1043 Igitur
536 1008 584 1033 ne
603 995 692 1043 quid
711 996 941 1044 inexpertum
961 994 1160 1037 omitteret,
1180 992 1303 1041 plures
1321 1003 1434 1028 naves

272 1048 459 1085 admoveri
473 1048 593 1098 jubet,
615 1049 848 1096 delectosque
876 1048 1034 1085 militum
1062 1046 1216 1096 imponi.
1271 1044 1322 1082 Et
1339 1044 1436 1082 forte

272 1102 392 1139 bellua
411 1103 610 1140 inusitatae
629 1102 897 1151 magnitudinis
916 1114 1025 1150 super
1042 1101 1140 1149 ipsos
1164 1100 1300 1137 fluetus
1324 1098 1435 1135 dorso

271 1157 445 1201 eminens,
477 1157 524 1193 ad
552 1157 695 1201 molem,
718 1168 826 1205 quam
852 1155 1074 1192 Macedones
1096 1153 1276 1203 jecerant,
1303 1152 1437 1200 ingens

272 1223 402 1259 corpus
423 1211 610 1259 applicuit,
640 1210 954 1258 diverberatisque
981 1208 1154 1245 fluctibus
1190 1207 1352 1244 allevans
1379 1217 1435 1242 se-

272 1273 359 1308 met,
374 1265 559 1313 utrimque
574 1270 770 1313 conspecta
782 1269 837 1300 est
850 1276 858 1306 ;
876 1263 1011 1299 deinde
1025 1275 1046 1298 a
1058 1261 1178 1310 capite
1193 1260 1298 1297 molis
1312 1272 1438 1296 rursus

272 1317 346 1355 alto
366 1331 404 1354 se
423 1318 611 1363 immersit,
641 1331 683 1354 ae
711 1317 821 1354 modo
849 1329 958 1365 super
985 1316 1103 1353 undas
1122 1314 1286 1351 eminens
1303 1325 1439 1361 magna

270 1372 325 1407 sui
345 1379 459 1420 parte,
475 1372 584 1408 modo
604 1371 802 1420 superfusis
821 1371 995 1408 fluctibus
1014 1369 1176 1414 condita,
1191 1367 1292 1404 haud
1309 1366 1438 1416 procul

273 1425 509 1462 munimentis
528 1425 629 1462 urbis
648 1425 808 1462 emersit.
868 1424 1046 1472 Utrisque
1063 1423 1183 1460 laetus
1201 1422 1273 1459 fuit
1288 1421 1435 1459 belluae

270 1478 478 1527 adspectus.
536 1479 757 1516 Macedones
789 1478 860 1515 iter
882 1477 1056 1526 jaciendo
1084 1477 1186 1526 operi
1213 1482 1436 1514 monstrasse

271 1545 349 1568 cam
379 1533 659 1580 augurabantur
681 1546 689 1576 ;
730 1531 761 1567 T
764 1532 848 1581 yrii,
867 1531 1088 1580 Neptunum
1124 1529 1293 1579 occupati
1328 1529 1439 1566 maris

270 1586 452 1622 vindicem
481 1587 682 1635 abripuisse
710 1586 880 1631 belluam,
902 1598 943 1622 ac
971 1584 1104 1622 molem
1132 1584 1235 1621 brevi
1270 1582 1437 1633 profecto

270 1640 449 1676 ruituram
468 1654 475 1677 z
497 1640 657 1689 laetique
676 1640 798 1677 omine
816 1652 860 1676 eo
879 1639 927 1676 ad
945 1638 1072 1688 epulas
1091 1637 1222 1686 dilapsi
1238 1649 1438 1675 oneravere

270 1708 308 1729 so
344 1694 452 1737 vino;
482 1706 555 1742 quo
580 1706 722 1742 graves,
761 1698 843 1730 orto
880 1692 956 1730 sole
992 1692 1139 1740 navigia
1167 1691 1433 1735 conscendunt,

270 1747 440 1785 redimita
469 1748 612 1784 coronis
639 1747 889 1795 floribusque:
917 1746 1009 1783 adeo
1037 1745 1213 1782 victoriae
1231 1756 1308 1781 non
1327 1756 1436 1781 omen

272 1801 393 1845 modo,
415 1801 480 1838 sed
499 1801 609 1838 etiam
628 1801 916 1850 gratulationem
935 1803 1214 1849 praeceperant.

324 1854 451 1891 XVII.
482 1855 594 1892 Forte
628 1868 694 1891 rex
730 1854 882 1891 classem
908 1853 948 1890 in
984 1853 1166 1890 diversam
1201 1857 1346 1902 partem
1373 1853 1436 1902 agi

265 1909 438 1955 jusserat,
460 1908 616 1957 triginta
633 1908 836 1946 minoribus
862 1906 1020 1956 navigiis
1033 1906 1172 1944 relictis
1189 1906 1230 1943 in
1247 1906 1357 1944 litore
1376 1919 1385 1950 ;
1415 1919 1436 1944 e

272 1962 404 2011 quibus
433 1962 538 2012 Tyrii
565 1962 709 1999 dnobus
737 1962 866 2012 captis,
896 1967 1017 1999 cetera
1053 1960 1198 2008 ingenti
1224 1965 1435 1999 terruerant

268 2020 381 2060 metu,
403 2016 521 2052 donec
547 2029 696 2053 suorum
715 2016 873 2053 clamore
892 2015 1020 2052 audito
1037 2013 1262 2060 Alexander,
1284 2014 1436 2051 classem

272 2070 382 2113 litori,
405 2083 424 2106 e
443 2082 516 2118 quo
534 2069 702 2107 fremitus
721 2069 915 2114 acciderat,
936 2068 1114 2106 admovit.
1170 2067 1296 2105 Prima
1313 2079 1333 2104 e
1349 2067 1432 2105 Ma-

270 2123 450 2159 cedonum
479 2123 632 2160 navibus
664 2122 936 2173 quinqueremis
955 2121 1150 2160 velocitate
1176 2123 1274 2160 inter
1293 2125 1433 2160 ceteras

270 2177 432 2213 eminens
461 2177 644 2215 occurrit:
672 2189 782 2226 quam
809 2181 852 2214 ut
880 2188 1102 2225 conspexere
1141 2175 1258 2226 Tyrii,
1289 2175 1386 2212 duae
1412 2187 1433 2212 e

269 2230 414 2266 diverso
434 2231 471 2266 in
490 2230 606 2267 latera
625 2230 703 2279 ejus
720 2230 889 2268 invectae
908 2235 995 2268 sunt
1013 2242 1022 2273 3
1043 2229 1082 2266 in
1101 2242 1257 2278 quarum
1276 2229 1429 2267 alteram

270 2283 538 2332 quinqueremis
557 2284 685 2321 eadem
704 2283 900 2330 concitata,
921 2291 958 2323 et
976 2285 1056 2333 ipsa
1073 2288 1195 2321 rostro
1213 2283 1288 2321 icta
1305 2286 1373 2327 est,
1389 2286 1427 2319 et

267 2337 366 2373 illam
385 2337 541 2374 invicem
560 2338 694 2375 tenuit.
747 2337 907 2387 Jamque
921 2351 975 2383 ea,
995 2349 1089 2386 quae
1103 2349 1180 2374 non
1198 2334 1428 2380 cohaerebat,

267 2391 382 2428 libero
410 2391 550 2440 impetu
569 2396 707 2436 evecta,
727 2391 767 2428 in
786 2391 887 2429 aliud
907 2391 1178 2441 quinqueremis
1208 2390 1304 2428 latus
1321 2388 1429 2426 inve-
