1496 2671
202 146 254 183 32
538 143 808 183 CORNELII
835 145 876 182 N
879 145 1081 185 EPOTIS

201 254 249 289 ab
280 251 570 302 Olympiodoro:
599 252 738 290 saltare
763 266 785 290 a
818 252 1079 303 Calliphrone.
1133 252 1190 291 At
1219 253 1390 304 philoso-

201 306 315 354 phiae
335 312 620 356 praeceptorem
638 307 774 344 habuit
801 306 935 356 Lysim
957 307 1223 354 Tarentinum,
1240 308 1388 357 Pytha-

200 373 376 408 goreum:
410 360 472 397 cui
509 361 664 409 quidem
700 361 754 397 sic
782 360 858 397 fuit
894 360 1054 406 deditus,
1090 367 1134 398 ut
1167 361 1389 399 adolescens

200 414 351 450 tristem
371 419 410 451 et
429 426 606 451 severum
626 427 755 451 senem
774 414 953 451 omnibus
984 415 1206 464 aequalibus
1236 415 1316 452 suis
1345 415 1388 451 in

200 467 463 505 familiaritate
491 468 770 515 anteposuerit3
798 481 922 517 neque
940 469 1048 517 prius
1067 481 1155 506 eum
1173 482 1196 506 a
1215 481 1254 506 se
1273 468 1389 506 dimi-

201 521 309 566 serit,
328 534 443 570 quam
471 522 657 559 doctrinis
684 527 792 559 tanto
821 523 1068 559 antecesserit
1093 522 1390 572 condiscipulos,

200 580 245 611 ut
264 574 377 612 facile
394 575 560 624 intelligi
579 581 717 624 posset,
738 575 821 624 pari
841 576 953 613 modo
971 582 1241 625 superaturum
1255 588 1389 613 omnes

201 628 242 665 in
262 629 400 666 ceteris
420 629 579 666 artibus.
634 629 768 678 Atque
796 629 889 666 haec
917 630 965 666 ad
988 635 1157 667 nostram
1182 635 1387 667 consuetu-

201 682 330 719 dinem
349 689 439 720 sunt
458 682 570 728 levia,
585 688 624 720 et
645 684 774 731 potius
793 683 1086 720 contemnenda:
1103 688 1142 720 at
1161 683 1202 720 in
1223 681 1391 720 Graecia

202 736 336 785 utique
364 736 456 772 olim
487 749 649 784 magnae
672 737 775 774 laudi
804 743 924 774 erant.
981 736 1191 785 Postquam
1219 737 1391 786 ephebus

201 789 326 827 sactus
354 795 422 834 est,
444 795 482 827 et
509 790 721 839 palaestrae
749 790 841 827 dare
868 802 1023 839 operam
1050 791 1190 839 coepit,
1209 803 1286 827 non
1307 796 1388 827 tam

201 843 460 892 magnitudini
492 844 636 880 virium
672 843 845 887 servivit,
884 856 999 892 quam
1034 844 1250 888 velocitati;
1282 844 1391 880 illam

201 897 305 933 enim
335 897 383 934 ad
406 896 637 934 athletarum
665 909 788 942 usum,
818 897 918 934 hanc
949 898 998 935 ad
1022 897 1114 934 belli
1141 897 1389 935 existimabat

201 950 407 987 utilitatem
427 951 619 999 pertinere
626 965 638 994 3
655 951 785 999 itaque
804 952 1056 988 exercebatur
1074 951 1282 1000 plurimum
1301 963 1392 988 cur-

201 1005 320 1041 rendo
343 1010 382 1041 et
399 1004 591 1050 luctando,
611 1005 660 1041 ad
678 1016 766 1041 eum
785 1005 912 1047 finem,
933 1005 1058 1053 quoad
1077 1010 1182 1042 stans
1201 1005 1388 1053 compleo-2

200 1057 232 1094 ti
251 1063 390 1106 posset,
410 1064 526 1105 atque
546 1058 788 1096 contendere.
845 1057 893 1094 In
912 1058 1029 1096 armis
1046 1058 1258 1108 plurimum
1271 1058 1390 1095 studii

202 1112 462 1149 consumebat.

204 1250 304 1291 CAP.
324 1252 403 1289 III.
451 1251 750 1301 Epaminondae
764 1252 890 1289 am'mz'
906 1252 1075 1299 virtutes,
1090 1253 1260 1290 studium
1274 1253 1388 1290 audi-

386 1306 483 1351 endi,
496 1307 741 1356 paupertatis
752 1307 958 1356 patientia,
978 1306 1201 1343 liberalitas,

255 1381 325 1418 AD
356 1381 456 1419 hanc
486 1381 656 1430 corporis
685 1382 906 1419 firmitatem
935 1381 1102 1431 plurima
1129 1383 1246 1420 etiam
1271 1383 1391 1420 animi

202 1437 302 1472 bona
320 1442 573 1473 accesserant:
594 1441 677 1473 erat
696 1436 798 1473 enim
817 1436 1025 1481 modestus,
1045 1437 1225 1485 prudens,
1245 1438 1389 1485 gravis,

202 1489 439 1538 temporibus
467 1489 660 1538 sapienter
682 1495 793 1526 utens
801 1504 811 1533 3
838 1489 987 1538 peritus
1006 1490 1111 1535 belli,
1129 1489 1240 1528 fortis
1258 1503 1390 1536 manu,

203 1543 330 1580 animo
365 1543 550 1587 maximo3
587 1543 680 1580 adeo
718 1544 893 1580 veritatis
929 1543 1105 1592 diligens,
1143 1549 1187 1580 ut
1219 1556 1268 1581 ne
1299 1543 1392 1592 joco

202 1597 357 1645 quidem
372 1597 617 1640 mentiretur3
635 1597 729 1634 item
744 1597 954 1642 continens,
969 1597 1148 1642 clemens,
1162 1597 1392 1646 patiensque

202 1651 469 1688 admirandum
500 1650 541 1687 in
572 1651 745 1693 modum;
776 1663 853 1687 non
880 1650 1004 1687 solum
1022 1651 1166 1699 populi,
1187 1650 1254 1687 sed
1272 1652 1389 1688 etiam

203 1705 413 1742 amicorum
440 1704 568 1741 ferens
595 1702 771 1752 injurias,
798 1704 1065 1753 imprimisque
1097 1704 1299 1742 commissa
1328 1717 1392 1742 ce-

202 1759 303 1802 lans;
330 1758 435 1807 quod
459 1758 651 1794 interdum
679 1770 756 1794 non
784 1757 910 1794 minus
929 1757 1095 1807 prodest,
1115 1770 1232 1806 quam
1254 1758 1394 1794 diserte

202 1812 342 1855 dieere,·
359 1811 552 1849 studiosus
571 1811 767 1848 audiendi:
794 1824 845 1848 ex
870 1811 942 1848 hoc
967 1811 1069 1848 enim
1093 1810 1276 1848 facillime
1294 1811 1391 1849 disci

202 1866 474 1903 arbitrabatur.
531 1865 667 1912 Itaque
697 1877 813 1912 quum
843 1864 883 1901 in
916 1865 1102 1902 circulum
1134 1866 1315 1911 venisset,
1348 1865 1390 1902 in

203 1932 278 1966 quo
298 1924 364 1955 aut
384 1919 431 1955 de
456 1919 655 1967 republica
685 1919 958 1967 disputaretur,
979 1924 1045 1955 aut
1075 1918 1122 1955 de
1147 1919 1392 1967 philosophia

203 1985 326 2009 sermo
354 1973 579 2016 haberetur3
607 1985 804 2020 nunquam
831 1972 920 2009 inde
940 1972 1047 2021 prius
1067 1972 1252 2017 discessit,
1273 1985 1390 2020 quam

202 2026 250 2062 ad
279 2026 394 2062 finem
428 2038 552 2062 sermo
591 2032 690 2062 esset
727 2026 928 2062 adductus.
984 2025 1258 2073 Paupertatem
1295 2026 1394 2063 adeo

203 2079 315 2116 facile
345 2091 546 2128 perpessus
575 2084 642 2123 est,
666 2085 707 2115 ut
735 2079 782 2116 de
802 2078 999 2127 republica
1018 2079 1115 2115 nihil
1134 2085 1286 2127 praeter
1305 2079 1388 2128 glo-

201 2133 298 2169 riam
318 2133 475 2180 ceperit.
531 2132 758 2170 Amicorum
777 2133 818 2168 in
838 2144 877 2169 se
897 2132 1040 2169 tuendo
1059 2133 1182 2169 caruit
1195 2132 1390 2170 facultati-

204 2188 291 2229 bus;
323 2187 399 2222 fide
429 2186 476 2222 ad
509 2186 602 2223 alios
631 2186 887 2222 sublevandos
918 2198 1029 2234 saepe
1061 2186 1116 2223 sic
1144 2198 1236 2224 usus
1255 2192 1324 2230 est,
1345 2191 1388 2222 ut

203 2240 322 2289 possit
343 2239 524 2287 judicari,
551 2239 678 2276 omnia
703 2239 739 2276 ei
759 2252 846 2276 cum
865 2239 998 2276 amicis
1017 2239 1136 2276 fuisse
1154 2239 1389 2277 communia:

201 2307 291 2330 nam
309 2305 424 2341 quum
444 2298 510 2330 aut
529 2293 671 2330 civium
693 2305 849 2329 suorum
868 2293 1005 2340 aliquis
1025 2294 1072 2330 ab
1094 2293 1270 2330 hostibus
1288 2291 1386 2329 fuis-

202 2354 259 2385 set
278 2354 423 2396 captus,
440 2352 506 2384 aut
526 2347 637 2395 virgo
657 2346 769 2383 amici
789 2347 932 2383 nubilis
950 2353 1108 2395 propter
1122 2351 1388 2395 paupertatem

206 2401 378 2439 collocari
407 2412 484 2437 non
514 2406 650 2450 posset,
681 2400 889 2437 amicorum
920 2401 1124 2438 concilium
1152 2400 1330 2445 habebat,
1348 2405 1388 2436 et
