1496 2671
118 169 169 204 34
456 165 502 204 C.
532 165 686 204 JULII
715 164 974 205 CAESARIS

117 279 267 311 coactas
288 273 334 310 ad
355 285 395 310 se
426 273 559 310 venire
588 273 697 319 vidit,
719 286 843 321 neque
868 273 951 322 jam
980 274 1093 323 longe
1112 275 1243 312 abesse
1261 276 1310 313 ab

118 327 180 363 his
199 340 293 376 quos
314 327 470 364 miserat
491 327 800 376 exploratoribus
820 335 859 364 et
882 329 930 365 ab
961 328 1091 366 Remis
1111 329 1310 377 cognovit3

117 381 261 417 fiumen
283 379 476 425 Axonam,
497 381 599 430 quod
618 387 676 418 est
708 382 748 418 in
779 382 964 419 extremis
995 382 1202 419 Remorum
1221 383 1309 419 fini-

120 435 191 470 bus
211 435 426 471 exercitum
455 435 704 472 transducere
724 436 944 478 maturavit,
967 442 1082 484 atque
1110 435 1164 472 ibi
1185 442 1312 473 castra

120 488 259 536 posuit.
319 486 414 532 Quae
437 500 496 525 res
515 494 553 525 et
573 488 676 526 latus
708 500 826 525 unum
853 497 1066 526 castrorum
1086 489 1182 537 ripis
1196 490 1311 526 flum-

118 541 194 578 inis
216 542 423 587 muniebat,
439 549 476 579 et
496 549 580 590 post
600 555 686 579 eum
707 554 792 591 quae
806 548 944 585 essent,
965 548 1050 579 tuta
1068 543 1116 579 ab
1136 543 1311 580 hostibus

118 595 314 639 reddebat,
335 601 374 631 el:
406 602 640 633 commeatus
668 597 715 633 ab
739 596 868 634 Remis
887 596 1123 644 reliquisque
1142 595 1311 633 civitati-

118 649 191 684 bus
213 655 253 684 ut
274 649 357 686 sine
377 649 546 697 periculo
575 650 622 686 ad
657 662 744 686 eum
774 649 917 699 portari
952 655 1089 697 posset,
1111 648 1311 688 efficiebat.

119 701 167 737 In
202 714 246 738 eo
280 702 440 739 flumine
472 715 567 750 pons
598 709 692 740 erat.
753 703 812 741 Ibi
832 703 1053 751 praesidium
1074 702 1195 751 ponit,
1215 704 1312 740 etin

118 754 241 792 altera
268 762 376 803 parte
408 756 580 792 fluminis
610 755 656 802 Q.
707 756 906 794 Titurium
938 755 1124 793 Sabinum
1142 755 1313 805 legatum

118 821 205 845 eum
241 822 310 846 sex
341 809 563 846 cohortibus
595 810 794 857 relinquit:
823 817 950 847 eastra
986 809 1027 845 in
1069 809 1312 847 altitudinem

118 863 259 910 pedum
291 863 492 899 duodecim
530 863 630 899 vallo
661 863 839 913 fossaque
871 863 1136 912 duodeviginti
1173 863 1314 912 pedum

119 916 272 953 munire
287 915 413 964 jubet.

173 969 247 1006 VI.
280 970 345 1006 Ab
395 969 455 1006 his
505 970 640 1006 castris
678 970 863 1019 oppidum
897 970 1121 1014 Remorum,
1160 969 1315 1007 nomine

118 1022 281 1066 Bibrax,
312 1024 446 1060 aberat
475 1022 597 1060 millia
626 1035 808 1072 passuum
838 1024 958 1061 VIII.
1016 1023 1064 1060 Id
1093 1036 1142 1060 ex
1173 1023 1316 1061 itinere

119 1089 261 1125 magno
280 1077 428 1125 impetu
457 1076 589 1125 Belgae
609 1090 834 1127 oppugnare
854 1083 1067 1126 coeperunt.
1125 1077 1252 1126 AEgre
1269 1089 1315 1115 eo

119 1130 182 1167 die
201 1136 461 1167 sustentatum
481 1137 550 1167 est.
591 1129 796 1168 Gallorum
816 1132 948 1169 eadem
968 1137 1084 1180 atque
1104 1130 1316 1178 Belgarum

119 1184 358 1232 oppugnatio
390 1190 450 1223 est
486 1184 579 1221 haec.
655 1184 737 1222 Ubi
782 1184 1031 1232 circumjecta
1070 1184 1315 1221 multitudine

119 1237 319 1274 hominum
351 1237 443 1274 totis
473 1238 675 1282 moenibus,
711 1239 881 1287 undique
913 1238 1061 1286 lapides
1091 1238 1132 1274 in
1161 1250 1316 1274 murum

112 1289 193 1338 jaci
234 1290 346 1339 coepti
382 1299 473 1327 sunt
504 1304 714 1340 murusque
748 1292 1015 1329 defensoribus
1045 1291 1213 1328 nudatus
1244 1298 1314 1336 est,

120 1345 314 1381 testudine
342 1342 444 1381 facta
473 1351 602 1392 portas
632 1347 843 1383 succedunt
862 1356 1092 1393 murumque
1111 1345 1314 1381 subruunt.

122 1396 235 1443 Quod
257 1406 338 1434 tum
360 1397 473 1434 facile
491 1398 620 1435 fiebat.
679 1399 781 1437 Nam
815 1411 934 1447 quum
966 1404 1075 1435 tanta
1108 1397 1316 1435 multitud'o

119 1451 266 1499 lapides
285 1463 330 1488 ac
349 1451 426 1488 tela
445 1451 688 1499 conjicerent,
704 1453 744 1489 in
760 1465 871 1490 muro
891 1451 1127 1489 consistendi
1147 1456 1316 1500 potestas

119 1510 203 1541 erat
239 1504 348 1540 nulli.
430 1503 560 1550 Quum
598 1506 715 1542 finem
753 1506 1004 1556 oppugnandi
1041 1517 1120 1541 nox
1149 1505 1314 1550 fecisset,

119 1557 247 1595 Iccius
267 1558 424 1602 Remus,
455 1556 605 1595 summa
640 1560 839 1597 nobilitate
859 1565 898 1597 et
926 1556 1052 1608 gratia
1084 1559 1186 1596 inter
1213 1571 1314 1602 suos,

119 1611 187 1659 qui
207 1618 289 1648 tum
309 1612 449 1660 oppido
470 1618 644 1659 praeerat,
665 1626 766 1650 unus
786 1626 836 1651 ex
864 1614 912 1650 iis
931 1612 999 1660 qui
1017 1612 1136 1660 legati
1156 1612 1204 1649 de
1222 1624 1316 1661 pace

119 1665 168 1702 ad
190 1664 381 1702 Caesarcm
403 1672 602 1709 venerant,
619 1668 782 1704 nuncios
798 1668 846 1704 ad
866 1679 953 1704 eum
974 1666 1105 1711 mittit,
1129 1665 1204 1703 nisi
1223 1667 1316 1703 sub·

119 1718 262 1755 sidium
297 1719 370 1756 sibi
409 1720 670 1765 submittatur,
705 1733 788 1758 sese
826 1720 972 1757 diutius
1009 1720 1201 1756 sustinere
1238 1731 1315 1756 non

119 1785 242 1821 posse.

173 1825 269 1862 VII.
300 1825 359 1862 Eo
379 1826 425 1862 de
445 1826 571 1863 media
589 1833 701 1864 nocte
717 1826 858 1872 Caesar,
878 1826 1015 1863 iisdem
1035 1825 1198 1863 ducibus
1210 1837 1313 1871 usus,

119 1879 185 1926 qui
203 1880 336 1917 nuncii
357 1880 404 1916 ab
425 1879 528 1917 Iccio
549 1887 747 1925 venerant,
769 1881 961 1917 Numidas
980 1885 1019 1917 et
1039 1878 1174 1916 Cretas
1196 1879 1314 1927 sagit-

120 1933 238 1969 tarios
258 1940 296 1970 et
326 1933 541 1970 funditores
562 1934 744 1971 Baleares
765 1934 937 1971 subsidio
957 1932 1159 1981 oppidanis
1178 1932 1315 1969 mittit:

119 1998 281 2034 quorum
303 1987 472 2023 adventu
485 1993 523 2024 et
543 1987 676 2024 Remis
696 2000 783 2024 eum
805 1999 872 2036 spe
891 1985 1124 2024 defensionis
1144 1985 1316 2023 studium

121 2040 389 2088 propugnandi
411 2041 585 2086 accessit,
603 2047 642 2078 et
670 2041 846 2078 hostibus
874 2040 1007 2077 eadem
1026 2039 1074 2076 de
1094 2036 1209 2076 eausa
1228 2051 1315 2088 spes

119 2093 297 2141 potiundi
318 2093 449 2142 oppidi
469 2094 656 2132 discessit.
696 2094 836 2143 Itaque
856 2093 1064 2142 paullisper
1083 2093 1184 2141 apud
1204 2093 1315 2141 oppi-

120 2147 211 2182 dum
233 2148 370 2183 morati
403 2159 591 2196 agrosque
622 2148 832 2185 Remorum
867 2146 1100 2195 depopulati,
1137 2146 1316 2183 omnibus

120 2200 218 2236 vicis
249 2200 509 2247 aedificiisque,
543 2213 638 2249 quos
686 2201 791 2238 adire
824 2205 1013 2249 poterant,
1048 2200 1228 2245 incensis,
1267 2200 1315 2236 ad

120 2260 246 2290 castra
286 2253 449 2290 Caesaris
487 2254 664 2291 omnibus
702 2254 822 2303 copiis
859 2253 1153 2298 contenderunt,
1191 2259 1229 2289 et
1267 2253 1315 2289 ab

121 2305 291 2343 millibus
311 2319 493 2355 passuum
511 2308 639 2344 minus
660 2307 703 2343 Π
732 2314 856 2345 castra
882 2312 1110 2355 posuerunt,
1127 2317 1212 2354 quae
1233 2317 1314 2342 cas-

120 2367 193 2404 tra,
234 2366 276 2396 ut
313 2359 418 2396 fumo
456 2366 571 2408 atque
607 2361 764 2409 ignibus
803 2361 1110 2409 significabatur,
1148 2359 1313 2410 amplius

121 2413 294 2452 millibus
314 2426 496 2464 passuum
520 2413 636 2451 VIII.
657 2415 697 2451 in
718 2414 960 2452 latitudinem
982 2414 1175 2464 patebant.
