<?xml version="1.0" encoding="UTF-8"?>
<!DOCTYPE html PUBLIC "-//W3C//DTD XHTML 1.0 Transitional//EN"
    "http://www.w3.org/TR/xhtml1/DTD/xhtml1-transitional.dtd">
<html xmlns="http://www.w3.org/1999/xhtml" xml:lang="en" lang="en">
 <head>
  <title>
</title>
<meta http-equiv="Content-Type" content="text/html;charset=utf-8" />
  <meta name='ocr-system' content='tesseract 3.04.00' />
  <meta name='ocr-capabilities' content='ocr_page ocr_carea ocr_par ocr_line ocrx_word'/>
</head>
<body>
  <div class='ocr_page' id='page_1' title='image "./curriculumlatinu01mont_0197.png"; bbox 0 0 1496 2671; ppageno 0'>
   <div class='ocr_carea' id='block_1_1' title="bbox 292 228 1301 272">
    <p class='ocr_par' dir='ltr' id='par_1_1' title="bbox 292 228 1301 272">
     <span class='ocr_line' id='line_1_1' title="bbox 292 228 1301 272; baseline -0.005 0"><span class='ocrx_word' id='word_1_1' title='bbox 292 235 365 272; x_wconf 77' lang='lat' dir='ltr'>DE</span> <span class='ocrx_word' id='word_1_2' title='bbox 394 231 575 270; x_wconf 76' lang='lat' dir='ltr'>BELLO</span> <span class='ocrx_word' id='word_1_3' title='bbox 607 230 861 269; x_wconf 77' lang='lat' dir='ltr'>GALLICO</span> <span class='ocrx_word' id='word_1_4' title='bbox 893 230 997 268; x_wconf 83' lang='lat' dir='ltr'><strong>LIB.</strong></span> <span class='ocrx_word' id='word_1_5' title='bbox 1029 230 1106 268; x_wconf 85' lang='lat'>111.</span> <span class='ocrx_word' id='word_1_6' title='bbox 1250 228 1301 267; x_wconf 69' lang='lat'>47</span> 
     </span>
    </p>
   </div>
   <div class='ocr_carea' id='block_1_2' title="bbox 120 335 1362 2522">
    <p class='ocr_par' dir='ltr' id='par_1_2' title="bbox 120 335 1348 1028">
     <span class='ocr_line' id='line_1_2' title="bbox 124 335 1312 391; baseline -0.006 -13"><span class='ocrx_word' id='word_1_7' title='bbox 124 343 228 381; x_wconf 82' lang='lat' dir='ltr'><strong>Huic</strong></span> <span class='ocrx_word' id='word_1_8' title='bbox 246 340 431 391; x_wconf 82' lang='lat' dir='ltr'>permisit,</span> <span class='ocrx_word' id='word_1_9' title='bbox 450 339 480 376; x_wconf 90' lang='lat' dir='ltr'>si</span> <span class='ocrx_word' id='word_1_10' title='bbox 503 351 598 388; x_wconf 90' lang='lat' dir='ltr'>opus</span> <span class='ocrx_word' id='word_1_11' title='bbox 618 350 699 375; x_wconf 87' lang='lat' dir='ltr'>esse</span> <span class='ocrx_word' id='word_1_12' title='bbox 719 339 983 382; x_wconf 70' lang='lat' dir='ltr'>arbitraretur,</span> <span class='ocrx_word' id='word_1_13' title='bbox 1007 339 1063 375; x_wconf 85' lang='lat' dir='ltr'>uti</span> <span class='ocrx_word' id='word_1_14' title='bbox 1083 337 1123 373; x_wconf 90' lang='lat' dir='ltr'>in</span> <span class='ocrx_word' id='word_1_15' title='bbox 1143 336 1197 374; x_wconf 90' lang='lat' dir='ltr'>eis</span> <span class='ocrx_word' id='word_1_16' title='bbox 1217 335 1312 372; x_wconf 83' lang='lat' dir='ltr'>locis</span> 
     </span>
     <span class='ocr_line' id='line_1_3' title="bbox 120 389 1314 444; baseline -0.008 -10"><span class='ocrx_word' id='word_1_17' title='bbox 120 397 308 444; x_wconf 81' lang='lat' dir='ltr'>legionem</span> <span class='ocrx_word' id='word_1_18' title='bbox 327 393 523 430; x_wconf 84' lang='lat' dir='ltr'>hiemandi</span> <span class='ocrx_word' id='word_1_19' title='bbox 552 389 667 429; x_wconf 60' lang='lat' dir='ltr'>causa</span> <span class='ocrx_word' id='word_1_20' title='bbox 695 392 907 429; x_wconf 32' lang='lat' dir='ltr'>collocalmet</span> <span class='ocrx_word' id='word_1_21' title='bbox 967 391 1105 436; x_wconf 80' lang='lat' dir='ltr'>Galba,</span> <span class='ocrx_word' id='word_1_22' title='bbox 1135 389 1314 427; x_wconf 85' lang='lat' dir='ltr'>secundis</span> 
     </span>
     <span class='ocr_line' id='line_1_4' title="bbox 122 445 1312 498; baseline -0.005 -11.959"><span class='ocrx_word' id='word_1_23' title='bbox 122 451 266 498; x_wconf 67' lang='lat' dir='ltr'>aliquot</span> <span class='ocrx_word' id='word_1_24' title='bbox 297 447 442 496; x_wconf 83' lang='lat' dir='ltr'>p1oe1iis</span> <span class='ocrx_word' id='word_1_25' title='bbox 472 445 584 483; x_wconf 85' lang='lat' dir='ltr'>factis</span> <span class='ocrx_word' id='word_1_26' title='bbox 618 446 860 493; x_wconf 77' lang='lat' dir='ltr'>castellisque</span> <span class='ocrx_word' id='word_1_27' title='bbox 889 445 1150 493; x_wconf 74' lang='lat' dir='ltr'>compluribus</span> <span class='ocrx_word' id='word_1_28' title='bbox 1179 455 1312 480; x_wconf 90' lang='lat' dir='ltr'>eorum</span> 
     </span>
     <span class='ocr_line' id='line_1_5' title="bbox 122 498 1315 559; baseline -0.007 -19"><span class='ocrx_word' id='word_1_29' title='bbox 122 501 365 552; x_wconf 81' lang='lat' dir='ltr'>expugnatis,</span> <span class='ocrx_word' id='word_1_30' title='bbox 383 499 510 536; x_wconf 84' lang='lat' dir='ltr'>missis</span> <span class='ocrx_word' id='word_1_31' title='bbox 525 499 573 536; x_wconf 84' lang='lat' dir='ltr'>ad</span> <span class='ocrx_word' id='word_1_32' title='bbox 588 512 675 536; x_wconf 89' lang='lat' dir='ltr'>eum</span> <span class='ocrx_word' id='word_1_33' title='bbox 692 499 859 546; x_wconf 85' lang='lat' dir='ltr'>undique</span> <span class='ocrx_word' id='word_1_34' title='bbox 874 499 1023 547; x_wconf 86' lang='lat' dir='ltr'>legatis,</span> <span class='ocrx_word' id='word_1_35' title='bbox 1041 498 1315 559; x_wconf 74' lang='lat' dir='ltr'>obsidibusque</span> 
     </span>
     <span class='ocr_line' id='line_1_6' title="bbox 124 550 1316 602; baseline -0.006 -10"><span class='ocrx_word' id='word_1_36' title='bbox 124 555 223 592; x_wconf 85' lang='lat' dir='ltr'>datis</span> <span class='ocrx_word' id='word_1_37' title='bbox 243 561 281 592; x_wconf 91' lang='lat' dir='ltr'>et</span> <span class='ocrx_word' id='word_1_38' title='bbox 303 566 393 602; x_wconf 80' lang='lat' dir='ltr'>pace</span> <span class='ocrx_word' id='word_1_39' title='bbox 412 550 524 597; x_wconf 83' lang='lat' dir='ltr'>facta,</span> <span class='ocrx_word' id='word_1_40' title='bbox 546 553 747 589; x_wconf 86' lang='lat' dir='ltr'>constituit</span> <span class='ocrx_word' id='word_1_41' title='bbox 766 553 941 589; x_wconf 77' lang='lat' dir='ltr'>cohortes</span> <span class='ocrx_word' id='word_1_42' title='bbox 961 552 1085 588; x_wconf 85' lang='lat' dir='ltr'>duas</span> <span class='ocrx_word' id='word_1_43' title='bbox 1076 564 1116 587; x_wconf 88' lang='lat' dir='ltr'>m</span> <span class='ocrx_word' id='word_1_44' title='bbox 1138 551 1316 587; x_wconf 79' lang='lat' dir='ltr'>Nantua-</span> 
     </span>
     <span class='ocr_line' id='line_1_7' title="bbox 125 604 1348 670; baseline -0.005 -25"><span class='ocrx_word' id='word_1_45' title='bbox 125 609 228 646; x_wconf 91' lang='lat' dir='ltr'>tibus</span> <span class='ocrx_word' id='word_1_46' title='bbox 247 608 442 670; x_wconf 81' lang='lat' dir='ltr'>collocare,</span> <span class='ocrx_word' id='word_1_47' title='bbox 465 613 502 643; x_wconf 88' lang='lat' dir='ltr'>et</span> <span class='ocrx_word' id='word_1_48' title='bbox 521 607 603 654; x_wconf 88' lang='lat' dir='ltr'>ipse</span> <span class='ocrx_word' id='word_1_49' title='bbox 623 619 709 643; x_wconf 87' lang='lat' dir='ltr'>cum</span> <span class='ocrx_word' id='word_1_50' title='bbox 730 606 889 654; x_wconf 84' lang='lat' dir='ltr'>reliquis</span> <span class='ocrx_word' id='word_1_51' title='bbox 904 604 986 652; x_wconf 76' lang='lat' dir='ltr'>ejus</span> <span class='ocrx_word' id='word_1_52' title='bbox 1004 604 1167 653; x_wconf 77' lang='lat' dir='ltr'>legionis</span> <span class='ocrx_word' id='word_1_53' title='bbox 1182 604 1317 640; x_wconf 88' lang='lat' dir='ltr'>cohor-</span> <span class='ocrx_word' id='word_1_54' title='bbox 1344 644 1348 648; x_wconf 22' lang='lat'><strong><em>⁴</em></strong></span> 
     </span>
     <span class='ocr_line' id='line_1_8' title="bbox 123 656 1318 708; baseline -0.005 -10"><span class='ocrx_word' id='word_1_55' title='bbox 123 663 229 699; x_wconf 87' lang='lat' dir='ltr'>tibus</span> <span class='ocrx_word' id='word_1_56' title='bbox 254 662 294 698; x_wconf 91' lang='lat' dir='ltr'>in</span> <span class='ocrx_word' id='word_1_57' title='bbox 325 661 412 697; x_wconf 87' lang='lat' dir='ltr'>vico</span> <span class='ocrx_word' id='word_1_58' title='bbox 433 660 708 708; x_wconf 78' lang='lat' dir='ltr'>Veiagrorum,</span> <span class='ocrx_word' id='word_1_59' title='bbox 739 660 803 707; x_wconf 90' lang='lat' dir='ltr'>qui</span> <span class='ocrx_word' id='word_1_60' title='bbox 839 659 1054 708; x_wconf 84' lang='lat' dir='ltr'>appellatur</span> <span class='ocrx_word' id='word_1_61' title='bbox 1086 656 1318 698; x_wconf 85' lang='lat' dir='ltr'>Octodurus,</span> 
     </span>
     <span class='ocr_line' id='line_1_9' title="bbox 125 706 1321 762; baseline -0.006 -10"><span class='ocrx_word' id='word_1_62' title='bbox 125 716 312 752; x_wconf 86' lang='lat' dir='ltr'>hiemare:</span> <span class='ocrx_word' id='word_1_63' title='bbox 342 714 408 762; x_wconf 86' lang='lat' dir='ltr'>qui</span> <span class='ocrx_word' id='word_1_64' title='bbox 428 713 550 758; x_wconf 85' lang='lat' dir='ltr'>vicus,</span> <span class='ocrx_word' id='word_1_65' title='bbox 570 713 717 761; x_wconf 83' lang='lat' dir='ltr'>positus</span> <span class='ocrx_word' id='word_1_66' title='bbox 731 713 771 749; x_wconf 91' lang='lat' dir='ltr'>in</span> <span class='ocrx_word' id='word_1_67' title='bbox 788 713 897 757; x_wconf 87' lang='lat' dir='ltr'>valle,</span> <span class='ocrx_word' id='word_1_68' title='bbox 918 724 994 748; x_wconf 91' lang='lat' dir='ltr'>non</span> <span class='ocrx_word' id='word_1_69' title='bbox 1015 713 1153 759; x_wconf 81' lang='lat' dir='ltr'>magna</span> <span class='ocrx_word' id='word_1_70' title='bbox 1170 706 1315 757; x_wconf 86' lang='lat' dir='ltr'>adject</span> <span class='ocrx_word' id='word_1_71' title='bbox 1298 722 1321 745; x_wconf 84' lang='grc'>1</span> 
     </span>
     <span class='ocr_line' id='line_1_10' title="bbox 127 762 1319 817; baseline -0.006 -12"><span class='ocrx_word' id='word_1_72' title='bbox 127 769 304 817; x_wconf 81' lang='lat' dir='ltr'>planicie,</span> <span class='ocrx_word' id='word_1_73' title='bbox 319 767 516 804; x_wconf 83' lang='lat' dir='ltr'>altissimis</span> <span class='ocrx_word' id='word_1_74' title='bbox 529 766 724 803; x_wconf 88' lang='lat' dir='ltr'>montibus</span> <span class='ocrx_word' id='word_1_75' title='bbox 742 766 911 814; x_wconf 89' lang='lat' dir='ltr'>undique</span> <span class='ocrx_word' id='word_1_76' title='bbox 926 764 1158 802; x_wconf 85' lang='lat' dir='ltr'>continetur.</span> <span class='ocrx_word' id='word_1_77' title='bbox 1190 762 1319 808; x_wconf 82' lang='lat' dir='ltr'>Quum</span> 
     </span>
     <span class='ocr_line' id='line_1_11' title="bbox 129 818 1322 868; baseline -0.007 -9"><span class='ocrx_word' id='word_1_78' title='bbox 129 823 193 859; x_wconf 84' lang='lat' dir='ltr'>hic</span> <span class='ocrx_word' id='word_1_79' title='bbox 211 822 254 858; x_wconf 90' lang='lat' dir='ltr'>in</span> <span class='ocrx_word' id='word_1_80' title='bbox 273 820 365 857; x_wconf 87' lang='lat' dir='ltr'>duas</span> <span class='ocrx_word' id='word_1_81' title='bbox 385 826 513 868; x_wconf 80' lang='lat' dir='ltr'>partes</span> <span class='ocrx_word' id='word_1_82' title='bbox 541 819 701 856; x_wconf 87' lang='lat' dir='ltr'>flumine</span> <span class='ocrx_word' id='word_1_83' title='bbox 722 820 971 863; x_wconf 85' lang='lat' dir='ltr'>divideretur,</span> <span class='ocrx_word' id='word_1_84' title='bbox 994 818 1153 855; x_wconf 82' lang='lat' dir='ltr'>alteram</span> <span class='ocrx_word' id='word_1_85' title='bbox 1173 822 1322 865; x_wconf 89' lang='lat' dir='ltr'>partem</span> 
     </span>
     <span class='ocr_line' id='line_1_12' title="bbox 131 869 1323 924; baseline -0.006 -12"><span class='ocrx_word' id='word_1_86' title='bbox 131 875 214 924; x_wconf 87' lang='lat' dir='ltr'>ejus</span> <span class='ocrx_word' id='word_1_87' title='bbox 234 875 313 912; x_wconf 86' lang='lat' dir='ltr'>vici</span> <span class='ocrx_word' id='word_1_88' title='bbox 329 873 455 911; x_wconf 83' lang='lat' dir='ltr'>Gallis</span> <span class='ocrx_word' id='word_1_89' title='bbox 475 873 675 914; x_wconf 77' lang='lat' dir='ltr'>concessit,</span> <span class='ocrx_word' id='word_1_90' title='bbox 692 874 862 918; x_wconf 89' lang='lat' dir='ltr'>alteram,</span> <span class='ocrx_word' id='word_1_91' title='bbox 879 884 1039 909; x_wconf 86' lang='lat' dir='ltr'>vacuam</span> <span class='ocrx_word' id='word_1_92' title='bbox 1059 872 1106 908; x_wconf 85' lang='lat' dir='ltr'>ab</span> <span class='ocrx_word' id='word_1_93' title='bbox 1119 871 1195 907; x_wconf 88' lang='lat' dir='ltr'>illis</span> <span class='ocrx_word' id='word_1_94' title='bbox 1210 869 1323 906; x_wconf 89' lang='lat' dir='ltr'>relic·-</span> 
     </span>
     <span class='ocr_line' id='line_1_13' title="bbox 132 924 1325 974; baseline -0.007 -8"><span class='ocrx_word' id='word_1_95' title='bbox 132 937 224 974; x_wconf 82' lang='lat' dir='ltr'>tam,</span> <span class='ocrx_word' id='word_1_96' title='bbox 244 927 465 965; x_wconf 83' lang='lat' dir='ltr'>cohortibus</span> <span class='ocrx_word' id='word_1_97' title='bbox 486 927 534 964; x_wconf 86' lang='lat' dir='ltr'>ad</span> <span class='ocrx_word' id='word_1_98' title='bbox 561 927 808 964; x_wconf 85' lang='lat' dir='ltr'>hiemandum</span> <span class='ocrx_word' id='word_1_99' title='bbox 830 925 1020 963; x_wconf 86' lang='lat' dir='ltr'>attribuit.</span> <span class='ocrx_word' id='word_1_100' title='bbox 1077 925 1179 961; x_wconf 87' lang='lat' dir='ltr'>Eum</span> <span class='ocrx_word' id='word_1_101' title='bbox 1198 924 1325 960; x_wconf 87' lang='lat' dir='ltr'>locum</span> 
     </span>
     <span class='ocr_line' id='line_1_14' title="bbox 134 978 630 1028; baseline -0.008 -8"><span class='ocrx_word' id='word_1_102' title='bbox 134 983 237 1020; x_wconf 82' lang='lat' dir='ltr'>vallo</span> <span class='ocrx_word' id='word_1_103' title='bbox 256 978 432 1028; x_wconf 66' lang='lat' dir='ltr'>fossaque</span> <span class='ocrx_word' id='word_1_104' title='bbox 451 980 630 1016; x_wconf 84' lang='lat' dir='ltr'>munivit.</span> 
     </span>
    </p>

    <p class='ocr_par' dir='ltr' id='par_1_3' title="bbox 138 1030 1351 2042">
     <span class='ocr_line' id='line_1_15' title="bbox 192 1030 1326 1081; baseline -0.006 -10"><span class='ocrx_word' id='word_1_105' title='bbox 192 1035 248 1072; x_wconf 93' lang='lat' dir='ltr'>II.</span> <span class='ocrx_word' id='word_1_106' title='bbox 280 1033 409 1080; x_wconf 81' lang='lat' dir='ltr'>Quum</span> <span class='ocrx_word' id='word_1_107' title='bbox 443 1034 524 1070; x_wconf 88' lang='lat' dir='ltr'>dies</span> <span class='ocrx_word' id='word_1_108' title='bbox 555 1034 805 1070; x_wconf 88' lang='lat' dir='ltr'>hibernorum</span> <span class='ocrx_word' id='word_1_109' title='bbox 838 1032 1053 1081; x_wconf 85' lang='lat' dir='ltr'>complures</span> <span class='ocrx_word' id='word_1_110' title='bbox 1086 1030 1326 1073; x_wconf 81' lang='lat' dir='ltr'>transissent,</span> 
     </span>
     <span class='ocr_line' id='line_1_16' title="bbox 138 1085 1328 1135; baseline -0.006 -10"><span class='ocrx_word' id='word_1_111' title='bbox 138 1089 453 1135; x_wconf 85' lang='lat' dir='ltr'>frumentumque</span> <span class='ocrx_word' id='word_1_112' title='bbox 472 1099 517 1124; x_wconf 91' lang='lat' dir='ltr'>eo</span> <span class='ocrx_word' id='word_1_113' title='bbox 545 1087 774 1134; x_wconf 70' lang='lat' dir='ltr'>comporzttri</span> <span class='ocrx_word' id='word_1_114' title='bbox 798 1085 991 1133; x_wconf 83' lang='lat' dir='ltr'>jussisset,</span> <span class='ocrx_word' id='word_1_115' title='bbox 1020 1085 1149 1122; x_wconf 88' lang='lat' dir='ltr'>subito</span> <span class='ocrx_word' id='word_1_116' title='bbox 1169 1095 1237 1132; x_wconf 88' lang='lat' dir='ltr'>per</span> <span class='ocrx_word' id='word_1_117' title='bbox 1259 1095 1328 1119; x_wconf 83' lang='lat' dir='ltr'>ex-</span> 
     </span>
     <span class='ocr_line' id='line_1_17' title="bbox 138 1135 1331 1191; baseline -0.006 -13"><span class='ocrx_word' id='word_1_118' title='bbox 138 1143 349 1191; x_wconf 87' lang='lat' dir='ltr'>ploratores</span> <span class='ocrx_word' id='word_1_119' title='bbox 364 1140 505 1178; x_wconf 89' lang='lat' dir='ltr'>certi01</span> <span class='ocrx_word' id='word_1_120' title='bbox 520 1140 644 1177; x_wconf 86' lang='lat' dir='ltr'>factus</span> <span class='ocrx_word' id='word_1_121' title='bbox 654 1146 721 1184; x_wconf 90' lang='lat' dir='ltr'>est</span> <span class='ocrx_word' id='word_1_122' title='bbox 732 1152 782 1175; x_wconf 82' lang='lat' dir='ltr'>ex</span> <span class='ocrx_word' id='word_1_123' title='bbox 793 1152 838 1176; x_wconf 80' lang='lat' dir='ltr'>ea</span> <span class='ocrx_word' id='word_1_124' title='bbox 853 1145 961 1187; x_wconf 86' lang='lat' dir='ltr'>parte</span> <span class='ocrx_word' id='word_1_125' title='bbox 977 1139 1065 1184; x_wconf 84' lang='lat' dir='ltr'>vici,</span> <span class='ocrx_word' id='word_1_126' title='bbox 1076 1150 1191 1186; x_wconf 88' lang='lat' dir='ltr'>quam</span> <span class='ocrx_word' id='word_1_127' title='bbox 1206 1135 1331 1173; x_wconf 70' lang='lat' dir='ltr'>Gallis</span> 
     </span>
     <span class='ocr_line' id='line_1_18' title="bbox 140 1189 1331 1239; baseline -0.006 -7"><span class='ocrx_word' id='word_1_128' title='bbox 140 1199 391 1239; x_wconf 83' lang='lat' dir='ltr'>concesserat,</span> <span class='ocrx_word' id='word_1_129' title='bbox 421 1205 553 1230; x_wconf 86' lang='lat' dir='ltr'>omnes</span> <span class='ocrx_word' id='word_1_130' title='bbox 588 1199 703 1230; x_wconf 87' lang='lat' dir='ltr'>noctu</span> <span class='ocrx_word' id='word_1_131' title='bbox 737 1192 969 1237; x_wconf 81' lang='lat' dir='ltr'>discessisse,</span> <span class='ocrx_word' id='word_1_132' title='bbox 999 1199 1234 1239; x_wconf 89' lang='lat' dir='ltr'>montesque</span> <span class='ocrx_word' id='word_1_133' title='bbox 1264 1189 1331 1237; x_wconf 91' lang='lat' dir='ltr'>qui</span> 
     </span>
     <span class='ocr_line' id='line_1_19' title="bbox 141 1244 1334 1297; baseline -0.005 -13"><span class='ocrx_word' id='word_1_134' title='bbox 141 1248 422 1297; x_wconf 76' lang='lat' dir='ltr'>impendelent,</span> <span class='ocrx_word' id='word_1_135' title='bbox 460 1259 482 1283; x_wconf 83' lang='lat' dir='ltr'>a</span> <span class='ocrx_word' id='word_1_136' title='bbox 517 1244 689 1283; x_wconf 75' lang='lat' dir='ltr'>maxima</span> <span class='ocrx_word' id='word_1_137' title='bbox 726 1246 975 1283; x_wconf 88' lang='lat' dir='ltr'>multitudine</span> <span class='ocrx_word' id='word_1_138' title='bbox 1015 1245 1257 1283; x_wconf 81' lang='lat' dir='ltr'>Sedunorum</span> <span class='ocrx_word' id='word_1_139' title='bbox 1295 1248 1334 1279; x_wconf 88' lang='lat' dir='ltr'>et</span> 
     </span>
     <span class='ocr_line' id='line_1_20' title="bbox 141 1298 1335 1350; baseline -0.005 -12"><span class='ocrx_word' id='word_1_140' title='bbox 141 1299 225 1338; x_wconf 75' lang='lat' dir='ltr'>Vei</span> <span class='ocrx_word' id='word_1_141' title='bbox 227 1313 405 1350; x_wconf 85' lang='lat' dir='ltr'>agrorum</span> <span class='ocrx_word' id='word_1_142' title='bbox 427 1300 564 1336; x_wconf 87' lang='lat' dir='ltr'>teneri.</span> <span class='ocrx_word' id='word_1_143' title='bbox 621 1298 666 1335; x_wconf 83' lang='lat' dir='ltr'>Id</span> <span class='ocrx_word' id='word_1_144' title='bbox 686 1299 831 1347; x_wconf 84' lang='lat' dir='ltr'>aliquot</span> <span class='ocrx_word' id='word_1_145' title='bbox 853 1300 900 1335; x_wconf 87' lang='lat' dir='ltr'>de</span> <span class='ocrx_word' id='word_1_146' title='bbox 919 1299 1044 1336; x_wconf 87' lang='lat' dir='ltr'>causis</span> <span class='ocrx_word' id='word_1_147' title='bbox 1067 1298 1271 1341; x_wconf 81' lang='lat' dir='ltr'>acciderat,</span> <span class='ocrx_word' id='word_1_148' title='bbox 1291 1301 1335 1332; x_wconf 88' lang='lat' dir='ltr'>ut</span> 
     </span>
     <span class='ocr_line' id='line_1_21' title="bbox 144 1349 1337 1401; baseline -0.005 -10"><span class='ocrx_word' id='word_1_149' title='bbox 144 1355 271 1392; x_wconf 83' lang='lat' dir='ltr'>subito</span> <span class='ocrx_word' id='word_1_150' title='bbox 303 1353 410 1391; x_wconf 88' lang='lat' dir='ltr'>Galli</span> <span class='ocrx_word' id='word_1_151' title='bbox 438 1353 530 1390; x_wconf 87' lang='lat' dir='ltr'>belli</span> <span class='ocrx_word' id='word_1_152' title='bbox 563 1353 774 1390; x_wconf 87' lang='lat' dir='ltr'>renovandi</span> <span class='ocrx_word' id='word_1_153' title='bbox 807 1352 1046 1401; x_wconf 75' lang='lat' dir='ltr'>legionisque</span> <span class='ocrx_word' id='word_1_154' title='bbox 1078 1349 1337 1399; x_wconf 80' lang='lat' dir='ltr'>opprimendae</span> 
     </span>
     <span class='ocr_line' id='line_1_22' title="bbox 146 1406 1339 1455; baseline -0.003 -11"><span class='ocrx_word' id='word_1_155' title='bbox 146 1407 348 1445; x_wconf 90' lang='lat' dir='ltr'>consilium</span> <span class='ocrx_word' id='word_1_156' title='bbox 363 1412 559 1455; x_wconf 84' lang='lat' dir='ltr'>caperent.</span> <span class='ocrx_word' id='word_1_157' title='bbox 580 1406 757 1454; x_wconf 70' lang='lat' dir='ltr'>primum,</span> <span class='ocrx_word' id='word_1_158' title='bbox 778 1406 879 1453; x_wconf 86' lang='lat' dir='ltr'>quod</span> <span class='ocrx_word' id='word_1_159' title='bbox 894 1406 1097 1453; x_wconf 80' lang='lat' dir='ltr'>legionem,</span> <span class='ocrx_word' id='word_1_160' title='bbox 1114 1416 1239 1453; x_wconf 90' lang='lat' dir='ltr'>neque</span> <span class='ocrx_word' id='word_1_161' title='bbox 1255 1415 1339 1440; x_wconf 83' lang='lat' dir='ltr'>eam</span> 
     </span>
     <span class='ocr_line' id='line_1_23' title="bbox 147 1457 1338 1521; baseline -0.005 -24"><span class='ocrx_word' id='word_1_162' title='bbox 147 1461 423 1510; x_wconf 83' lang='lat' dir='ltr'>plenissimam,</span> <span class='ocrx_word' id='word_1_163' title='bbox 444 1460 624 1497; x_wconf 87' lang='lat' dir='ltr'>detractis</span> <span class='ocrx_word' id='word_1_164' title='bbox 644 1460 866 1496; x_wconf 88' lang='lat' dir='ltr'>cohortibus</span> <span class='ocrx_word' id='word_1_165' title='bbox 895 1459 1044 1495; x_wconf 88' lang='lat' dir='ltr'>duabus</span> <span class='ocrx_word' id='word_1_166' title='bbox 1063 1464 1102 1496; x_wconf 89' lang='lat' dir='ltr'>et</span> <span class='ocrx_word' id='word_1_167' title='bbox 1130 1457 1338 1521; x_wconf 79' lang='lat' dir='ltr'>compluri-</span> 
     </span>
     <span class='ocr_line' id='line_1_24' title="bbox 150 1509 1341 1561; baseline -0.005 -10"><span class='ocrx_word' id='word_1_168' title='bbox 150 1517 223 1552; x_wconf 88' lang='lat' dir='ltr'>bus</span> <span class='ocrx_word' id='word_1_169' title='bbox 251 1514 487 1561; x_wconf 83' lang='lat' dir='ltr'>sinoillatim,</span> <span class='ocrx_word' id='word_1_170' title='bbox 518 1513 584 1561; x_wconf 89' lang='lat' dir='ltr'>qui</span> <span class='ocrx_word' id='word_1_171' title='bbox 621 1518 854 1550; x_wconf 85' lang='lat' dir='ltr'>commeatus</span> <span class='ocrx_word' id='word_1_172' title='bbox 888 1512 1044 1560; x_wconf 87' lang='lat' dir='ltr'>petendi</span> <span class='ocrx_word' id='word_1_173' title='bbox 1081 1524 1197 1549; x_wconf 77' lang='lat' dir='ltr'>causa</span> <span class='ocrx_word' id='word_1_174' title='bbox 1233 1509 1341 1547; x_wconf 63' lang='lat' dir='ltr'>missi</span> 
     </span>
     <span class='ocr_line' id='line_1_25' title="bbox 151 1565 1342 1614; baseline -0.004 -10"><span class='ocrx_word' id='word_1_175' title='bbox 151 1573 272 1611; x_wconf 84' lang='lat' dir='ltr'>crant,</span> <span class='ocrx_word' id='word_1_176' title='bbox 293 1567 527 1611; x_wconf 79' lang='lat' dir='ltr'>absentibus,</span> <span class='ocrx_word' id='word_1_177' title='bbox 543 1573 699 1614; x_wconf 80' lang='lat' dir='ltr'>piopter</span> <span class='ocrx_word' id='word_1_178' title='bbox 714 1566 944 1614; x_wconf 85' lang='lat' dir='ltr'>paucitatem</span> <span class='ocrx_word' id='word_1_179' title='bbox 961 1565 1239 1614; x_wconf 83' lang='lat' dir='ltr'>despiciebant:</span> <span class='ocrx_word' id='word_1_180' title='bbox 1259 1570 1342 1600; x_wconf 84' lang='lat' dir='ltr'>tum</span> 
     </span>
     <span class='ocr_line' id='line_1_26' title="bbox 153 1617 1345 1669; baseline -0.004 -11"><span class='ocrx_word' id='word_1_181' title='bbox 153 1621 281 1664; x_wconf 84' lang='lat' dir='ltr'>etiam,</span> <span class='ocrx_word' id='word_1_182' title='bbox 319 1620 421 1669; x_wconf 86' lang='lat' dir='ltr'>quod</span> <span class='ocrx_word' id='word_1_183' title='bbox 449 1626 607 1669; x_wconf 82' lang='lat' dir='ltr'>propter</span> <span class='ocrx_word' id='word_1_184' title='bbox 634 1619 878 1667; x_wconf 84' lang='lat' dir='ltr'>iniquitatem</span> <span class='ocrx_word' id='word_1_185' title='bbox 917 1619 1002 1664; x_wconf 87' lang='lat' dir='ltr'>loci,</span> <span class='ocrx_word' id='word_1_186' title='bbox 1032 1631 1153 1666; x_wconf 88' lang='lat' dir='ltr'>quum</span> <span class='ocrx_word' id='word_1_187' title='bbox 1180 1617 1256 1666; x_wconf 88' lang='lat' dir='ltr'>ipsi</span> <span class='ocrx_word' id='word_1_188' title='bbox 1294 1629 1345 1654; x_wconf 81' lang='lat' dir='ltr'>ex</span> 
     </span>
     <span class='ocr_line' id='line_1_27' title="bbox 154 1671 1346 1720; baseline -0.003 -9"><span class='ocrx_word' id='word_1_189' title='bbox 154 1675 349 1711; x_wconf 87' lang='lat' dir='ltr'>montibus</span> <span class='ocrx_word' id='word_1_190' title='bbox 368 1674 408 1709; x_wconf 90' lang='lat' dir='ltr'>in</span> <span class='ocrx_word' id='word_1_191' title='bbox 438 1673 575 1710; x_wconf 84' lang='lat' dir='ltr'>vallem</span> <span class='ocrx_word' id='word_1_192' title='bbox 597 1673 845 1709; x_wconf 84' lang='lat' dir='ltr'>decurrerent</span> <span class='ocrx_word' id='word_1_193' title='bbox 865 1678 903 1709; x_wconf 91' lang='lat' dir='ltr'>et</span> <span class='ocrx_word' id='word_1_194' title='bbox 932 1673 1006 1709; x_wconf 87' lang='lat' dir='ltr'>tela</span> <span class='ocrx_word' id='word_1_195' title='bbox 1026 1671 1274 1720; x_wconf 81' lang='lat' dir='ltr'>conjicerent,</span> <span class='ocrx_word' id='word_1_196' title='bbox 1296 1682 1346 1706; x_wconf 86' lang='lat' dir='ltr'>ne</span> 
     </span>
     <span class='ocr_line' id='line_1_28' title="bbox 154 1724 1346 1776; baseline -0.003 -13"><span class='ocrx_word' id='word_1_197' title='bbox 154 1728 320 1776; x_wconf 85' lang='lat' dir='ltr'>primum</span> <span class='ocrx_word' id='word_1_198' title='bbox 341 1727 496 1776; x_wconf 89' lang='lat' dir='ltr'>quidem</span> <span class='ocrx_word' id='word_1_199' title='bbox 525 1739 635 1774; x_wconf 85' lang='lat' dir='ltr'>posse</span> <span class='ocrx_word' id='word_1_200' title='bbox 654 1727 840 1775; x_wconf 87' lang='lat' dir='ltr'>impetum</span> <span class='ocrx_word' id='word_1_201' title='bbox 870 1738 979 1763; x_wconf 85' lang='lat' dir='ltr'>suum</span> <span class='ocrx_word' id='word_1_202' title='bbox 1001 1725 1183 1762; x_wconf 86' lang='lat' dir='ltr'>sustineri</span> <span class='ocrx_word' id='word_1_203' title='bbox 1212 1724 1346 1761; x_wconf 77' lang='lat' dir='ltr'>existi-</span> 
     </span>
     <span class='ocr_line' id='line_1_29' title="bbox 155 1779 1348 1830; baseline -0.003 -13"><span class='ocrx_word' id='word_1_204' title='bbox 155 1782 324 1830; x_wconf 81' lang='lat' dir='ltr'>mabant.</span> <span class='ocrx_word' id='word_1_205' title='bbox 381 1780 615 1823; x_wconf 82' lang='lat' dir='ltr'>Accedebat,</span> <span class='ocrx_word' id='word_1_206' title='bbox 632 1781 734 1827; x_wconf 83' lang='lat' dir='ltr'>quod</span> <span class='ocrx_word' id='word_1_207' title='bbox 750 1792 837 1816; x_wconf 83' lang='lat' dir='ltr'>suos</span> <span class='ocrx_word' id='word_1_208' title='bbox 857 1780 905 1816; x_wconf 88' lang='lat' dir='ltr'>ab</span> <span class='ocrx_word' id='word_1_209' title='bbox 926 1791 964 1816; x_wconf 89' lang='lat' dir='ltr'>se</span> <span class='ocrx_word' id='word_1_210' title='bbox 979 1779 1120 1816; x_wconf 86' lang='lat' dir='ltr'>liberos</span> <span class='ocrx_word' id='word_1_211' title='bbox 1135 1779 1348 1816; x_wconf 82' lang='lat' dir='ltr'>abstractos</span> 
     </span>
     <span class='ocr_line' id='line_1_30' title="bbox 157 1830 1349 1871; baseline -0.004 0"><span class='ocrx_word' id='word_1_212' title='bbox 157 1834 332 1871; x_wconf 88' lang='lat' dir='ltr'>obsidum</span> <span class='ocrx_word' id='word_1_213' title='bbox 352 1833 505 1870; x_wconf 84' lang='lat' dir='ltr'>nomine</span> <span class='ocrx_word' id='word_1_214' title='bbox 524 1833 719 1870; x_wconf 79' lang='lat' dir='ltr'>dolebant:</span> <span class='ocrx_word' id='word_1_215' title='bbox 749 1840 787 1870; x_wconf 88' lang='lat' dir='ltr'>et</span> <span class='ocrx_word' id='word_1_216' title='bbox 815 1833 1009 1869; x_wconf 85' lang='lat' dir='ltr'>Romanos</span> <span class='ocrx_word' id='word_1_217' title='bbox 1028 1845 1103 1868; x_wconf 92' lang='lat' dir='ltr'>non</span> <span class='ocrx_word' id='word_1_218' title='bbox 1132 1832 1255 1868; x_wconf 87' lang='lat' dir='ltr'>solum</span> <span class='ocrx_word' id='word_1_219' title='bbox 1283 1830 1349 1866; x_wconf 87' lang='lat' dir='ltr'>iti-</span> 
     </span>
     <span class='ocr_line' id='line_1_31' title="bbox 159 1884 1351 1935; baseline -0.003 -12"><span class='ocrx_word' id='word_1_220' title='bbox 159 1899 294 1924; x_wconf 88' lang='lat' dir='ltr'>nerum</span> <span class='ocrx_word' id='word_1_221' title='bbox 314 1885 428 1924; x_wconf 60' lang='lat' dir='ltr'>causa</span> <span class='ocrx_word' id='word_1_222' title='bbox 447 1887 513 1923; x_wconf 83' lang='lat' dir='ltr'>sed</span> <span class='ocrx_word' id='word_1_223' title='bbox 533 1887 647 1923; x_wconf 85' lang='lat' dir='ltr'>etiam</span> <span class='ocrx_word' id='word_1_224' title='bbox 677 1893 806 1935; x_wconf 79' lang='lat' dir='ltr'>perpet</span> <span class='ocrx_word' id='word_1_225' title='bbox 815 1899 872 1922; x_wconf 77' lang='lat' dir='ltr'>uae</span> <span class='ocrx_word' id='word_1_226' title='bbox 901 1885 1161 1933; x_wconf 83' lang='lat' dir='ltr'>possessionis,</span> <span class='ocrx_word' id='word_1_227' title='bbox 1183 1884 1351 1920; x_wconf 83' lang='lat' dir='ltr'>culmina</span> 
     </span>
     <span class='ocr_line' id='line_1_32' title="bbox 161 1938 1351 1988; baseline -0.003 -12"><span class='ocrx_word' id='word_1_228' title='bbox 161 1940 322 1988; x_wconf 85' lang='lat' dir='ltr'>Alpium</span> <span class='ocrx_word' id='word_1_229' title='bbox 351 1953 537 1988; x_wconf 82' lang='lat' dir='ltr'>occupare</span> <span class='ocrx_word' id='word_1_230' title='bbox 563 1941 692 1978; x_wconf 83' lang='lat' dir='ltr'>conari</span> <span class='ocrx_word' id='word_1_231' title='bbox 711 1946 746 1976; x_wconf 85' lang='lat' dir='ltr'>et</span> <span class='ocrx_word' id='word_1_232' title='bbox 768 1952 812 1976; x_wconf 81' lang='lat' dir='ltr'>ea</span> <span class='ocrx_word' id='word_1_233' title='bbox 839 1940 920 1977; x_wconf 85' lang='lat' dir='ltr'>loca</span> <span class='ocrx_word' id='word_1_234' title='bbox 951 1939 1124 1975; x_wconf 81' lang='lat' dir='ltr'>finitimae</span> <span class='ocrx_word' id='word_1_235' title='bbox 1143 1938 1351 1987; x_wconf 75' lang='lat' dir='ltr'>provinciae</span> 
     </span>
     <span class='ocr_line' id='line_1_33' title="bbox 162 1992 945 2042; baseline 0 -13"><span class='ocrx_word' id='word_1_236' title='bbox 162 1992 382 2042; x_wconf 78' lang='lat' dir='ltr'>adjungere,</span> <span class='ocrx_word' id='word_1_237' title='bbox 404 1995 477 2031; x_wconf 86' lang='lat' dir='ltr'>sibi</span> <span class='ocrx_word' id='word_1_238' title='bbox 497 2007 720 2042; x_wconf 83' lang='lat' dir='ltr'>persuasum</span> <span class='ocrx_word' id='word_1_239' title='bbox 742 1994 945 2030; x_wconf 84' lang='lat' dir='ltr'>habebant.</span> 
     </span>
    </p>

    <p class='ocr_par' dir='ltr' id='par_1_4' title="bbox 165 2045 1362 2522">
     <span class='ocr_line' id='line_1_34' title="bbox 218 2045 1354 2095; baseline -0.002 -13"><span class='ocrx_word' id='word_1_240' title='bbox 218 2047 295 2083; x_wconf 89' lang='lat' dir='ltr'><strong>III.</strong></span> <span class='ocrx_word' id='word_1_241' title='bbox 327 2048 400 2084; x_wconf 82' lang='lat' dir='ltr'>His</span> <span class='ocrx_word' id='word_1_242' title='bbox 429 2048 580 2085; x_wconf 85' lang='lat' dir='ltr'>nunciis</span> <span class='ocrx_word' id='word_1_243' title='bbox 609 2048 786 2095; x_wconf 80' lang='lat' dir='ltr'>acceptis,</span> <span class='ocrx_word' id='word_1_244' title='bbox 809 2045 945 2090; x_wconf 84' lang='lat' dir='ltr'>Galba,</span> <span class='ocrx_word' id='word_1_245' title='bbox 967 2058 1085 2094; x_wconf 86' lang='lat' dir='ltr'>quum</span> <span class='ocrx_word' id='word_1_246' title='bbox 1114 2057 1239 2092; x_wconf 90' lang='lat' dir='ltr'>neque</span> <span class='ocrx_word' id='word_1_247' title='bbox 1258 2056 1354 2093; x_wconf 91' lang='lat' dir='ltr'>opus</span> 
     </span>
     <span class='ocr_line' id='line_1_35' title="bbox 165 2098 1355 2149; baseline -0.002 -14"><span class='ocrx_word' id='word_1_248' title='bbox 165 2099 413 2137; x_wconf 84' lang='lat' dir='ltr'>hibernorum</span> <span class='ocrx_word' id='word_1_249' title='bbox 425 2101 734 2148; x_wconf 87' lang='lat' dir='ltr'>munitionesque</span> <span class='ocrx_word' id='word_1_250' title='bbox 754 2100 864 2149; x_wconf 87' lang='lat' dir='ltr'>plene</span> <span class='ocrx_word' id='word_1_251' title='bbox 880 2106 1007 2136; x_wconf 85' lang='lat' dir='ltr'>essent</span> <span class='ocrx_word' id='word_1_252' title='bbox 1022 2098 1214 2148; x_wconf 75' lang='lat' dir='ltr'>perfectae,</span> <span class='ocrx_word' id='word_1_253' title='bbox 1230 2110 1355 2146; x_wconf 80' lang='lat' dir='ltr'>neque</span> 
     </span>
     <span class='ocr_line' id='line_1_36' title="bbox 167 2152 1354 2203; baseline -0.002 -15"><span class='ocrx_word' id='word_1_254' title='bbox 167 2153 213 2189; x_wconf 88' lang='lat' dir='ltr'>de</span> <span class='ocrx_word' id='word_1_255' title='bbox 231 2152 424 2190; x_wconf 87' lang='lat' dir='ltr'>frumento</span> <span class='ocrx_word' id='word_1_256' title='bbox 442 2155 666 2203; x_wconf 87' lang='lat' dir='ltr'>reliquoque</span> <span class='ocrx_word' id='word_1_257' title='bbox 681 2159 892 2191; x_wconf 84' lang='lat' dir='ltr'>commeatu</span> <span class='ocrx_word' id='word_1_258' title='bbox 914 2152 1006 2190; x_wconf 82' lang='lat' dir='ltr'>satis</span> <span class='ocrx_word' id='word_1_259' title='bbox 1027 2158 1126 2189; x_wconf 87' lang='lat' dir='ltr'>esset</span> <span class='ocrx_word' id='word_1_260' title='bbox 1145 2152 1354 2200; x_wconf 86' lang='lat' dir='ltr'>provisum,</span> 
     </span>
     <span class='ocr_line' id='line_1_37' title="bbox 169 2204 1356 2255; baseline -0.003 -13"><span class='ocrx_word' id='word_1_261' title='bbox 169 2207 272 2254; x_wconf 87' lang='lat' dir='ltr'>quod</span> <span class='ocrx_word' id='word_1_262' title='bbox 309 2207 502 2244; x_wconf 87' lang='lat' dir='ltr'>deditione</span> <span class='ocrx_word' id='word_1_263' title='bbox 534 2205 636 2244; x_wconf 62' lang='lat' dir='ltr'>facta</span> <span class='ocrx_word' id='word_1_264' title='bbox 668 2208 942 2255; x_wconf 83' lang='lat' dir='ltr'>obsidibusque</span> <span class='ocrx_word' id='word_1_265' title='bbox 975 2205 1142 2254; x_wconf 80' lang='lat' dir='ltr'>acceptis</span> <span class='ocrx_word' id='word_1_266' title='bbox 1178 2205 1275 2240; x_wconf 89' lang='lat' dir='ltr'>nihil</span> <span class='ocrx_word' id='word_1_267' title='bbox 1309 2204 1356 2240; x_wconf 90' lang='lat' dir='ltr'>de</span> 
     </span>
     <span class='ocr_line' id='line_1_38' title="bbox 170 2258 1356 2305; baseline -0.002 -10"><span class='ocrx_word' id='word_1_268' title='bbox 170 2260 270 2296; x_wconf 82' lang='lat' dir='ltr'>bcllo</span> <span class='ocrx_word' id='word_1_269' title='bbox 289 2260 503 2297; x_wconf 86' lang='lat' dir='ltr'>timendum</span> <span class='ocrx_word' id='word_1_270' title='bbox 522 2261 822 2305; x_wconf 84' lang='lat' dir='ltr'>existimaverat,</span> <span class='ocrx_word' id='word_1_271' title='bbox 845 2259 1003 2297; x_wconf 82' lang='lat' dir='ltr'>consilio</span> <span class='ocrx_word' id='word_1_272' title='bbox 1023 2258 1199 2296; x_wconf 82' lang='lat' dir='ltr'>celeriter</span> <span class='ocrx_word' id='word_1_273' title='bbox 1214 2270 1356 2294; x_wconf 85' lang='lat' dir='ltr'>convo-</span> 
     </span>
     <span class='ocr_line' id='line_1_39' title="bbox 172 2312 1358 2362; baseline -0.003 -13"><span class='ocrx_word' id='word_1_274' title='bbox 172 2320 268 2357; x_wconf 77' lang='lat' dir='ltr'>cate,</span> <span class='ocrx_word' id='word_1_275' title='bbox 287 2314 495 2350; x_wconf 84' lang='lat' dir='ltr'>sententias</span> <span class='ocrx_word' id='word_1_276' title='bbox 511 2315 715 2362; x_wconf 83' lang='lat' dir='ltr'>exquirere</span> <span class='ocrx_word' id='word_1_277' title='bbox 729 2314 853 2362; x_wconf 78' lang='lat' dir='ltr'>coepit.</span> <span class='ocrx_word' id='word_1_278' title='bbox 900 2312 987 2358; x_wconf 79' lang='lat' dir='ltr'>Quo</span> <span class='ocrx_word' id='word_1_279' title='bbox 1002 2313 1041 2348; x_wconf 90' lang='lat' dir='ltr'>in</span> <span class='ocrx_word' id='word_1_280' title='bbox 1058 2312 1227 2354; x_wconf 83' lang='lat' dir='ltr'>consilio,</span> <span class='ocrx_word' id='word_1_281' title='bbox 1239 2323 1358 2358; x_wconf 85' lang='lat' dir='ltr'>quum</span> 
     </span>
     <span class='ocr_line' id='line_1_40' title="bbox 173 2364 1359 2415; baseline -0.003 -13"><span class='ocrx_word' id='word_1_282' title='bbox 173 2374 323 2403; x_wconf 80' lang='lat' dir='ltr'>tantum</span> <span class='ocrx_word' id='word_1_283' title='bbox 344 2367 534 2414; x_wconf 84' lang='lat' dir='ltr'>repentini</span> <span class='ocrx_word' id='word_1_284' title='bbox 555 2367 714 2415; x_wconf 85' lang='lat' dir='ltr'>periculi</span> <span class='ocrx_word' id='word_1_285' title='bbox 743 2373 882 2415; x_wconf 70' lang='lat' dir='ltr'>praeter</span> <span class='ocrx_word' id='word_1_286' title='bbox 901 2366 1118 2415; x_wconf 85' lang='lat' dir='ltr'>opinionem</span> <span class='ocrx_word' id='word_1_287' title='bbox 1140 2364 1359 2414; x_wconf 81' lang='lat' dir='ltr'>accidisset,</span> 
     </span>
     <span class='ocr_line' id='line_1_41' title="bbox 173 2419 1362 2468; baseline -0.002 -14"><span class='ocrx_word' id='word_1_288' title='bbox 173 2419 308 2467; x_wconf 83' lang='lat' dir='ltr'>acjam</span> <span class='ocrx_word' id='word_1_289' title='bbox 324 2420 450 2456; x_wconf 84' lang='lat' dir='ltr'>omnia</span> <span class='ocrx_word' id='word_1_290' title='bbox 462 2420 542 2456; x_wconf 87' lang='lat' dir='ltr'>fere</span> <span class='ocrx_word' id='word_1_291' title='bbox 558 2421 754 2468; x_wconf 82' lang='lat' dir='ltr'>superiora</span> <span class='ocrx_word' id='word_1_292' title='bbox 767 2420 850 2457; x_wconf 86' lang='lat' dir='ltr'>loca</span> <span class='ocrx_word' id='word_1_293' title='bbox 864 2419 1112 2456; x_wconf 81' lang='lat' dir='ltr'>multitudine</span> <span class='ocrx_word' id='word_1_294' title='bbox 1128 2423 1362 2454; x_wconf 87' lang='lat' dir='ltr'>armatorum</span> 
     </span>
     <span class='ocr_line' id='line_1_42' title="bbox 175 2471 1362 2522; baseline -0.002 -15"><span class='ocrx_word' id='word_1_295' title='bbox 175 2473 361 2521; x_wconf 65' lang='lat' dir='ltr'>completa</span> <span class='ocrx_word' id='word_1_296' title='bbox 392 2474 715 2522; x_wconf 74' lang='lat' dir='ltr'>conspicerentur,</span> <span class='ocrx_word' id='word_1_297' title='bbox 737 2485 860 2521; x_wconf 82' lang='lat' dir='ltr'>neque</span> <span class='ocrx_word' id='word_1_298' title='bbox 881 2473 1051 2509; x_wconf 72' lang='lat' dir='ltr'>subsidio</span> <span class='ocrx_word' id='word_1_299' title='bbox 1082 2471 1216 2515; x_wconf 76' lang='lat' dir='ltr'>veniri,</span> <span class='ocrx_word' id='word_1_300' title='bbox 1238 2482 1362 2517; x_wconf 84' lang='lat' dir='ltr'>neque</span> 
     </span>
    </p>
   </div>
  </div>
 </body>
</html>
