1496 2671
223 115 273 154 14
456 168 462 170 .
581 112 875 152 AGRICOLAE
904 112 1050 152 VITA.

223 228 392 272 suspecta
410 221 538 271 potius
556 221 769 268 videbatur,
790 222 845 259 ire
864 221 1012 259 obviam
1031 220 1238 258 discrimini
1249 221 1383 261 statuit
1398 233 1410 259 z

223 275 503 325 contractisque
538 275 732 324 legionum
759 275 917 319 vexillis,
944 280 983 313 et
1010 275 1157 312 modica
1183 275 1411 313 auxiliorum

222 341 350 375 manu,
371 329 461 378 quia
479 329 520 366 in
539 342 687 378 aequum
707 329 865 378 degredi
884 328 1092 367 Ordovices
1110 341 1188 366 non
1206 328 1410 375 audebant,

222 383 303 432 ipse
328 388 418 421 ante
446 395 592 432 agmen,
623 395 699 432 quo
727 382 860 420 ceteris
896 394 965 432 par
992 382 1138 420 animus
1174 382 1285 420 simili
1311 382 1411 432 peri-

223 437 308 474 culo
329 442 437 483 esset,
459 437 580 474 erexit
597 437 734 474 aciem:
765 448 934 485 caesaque
953 448 1071 485 prope
1088 435 1266 474 universa
1279 437 1410 485 gente,

224 503 304 528 non
321 490 474 539 ignarus
492 490 711 528 instandum
726 490 846 536 famae,
863 502 916 535 ac,
933 494 1048 538 prout
1065 489 1186 539 prima
1203 490 1413 536 cessissent,

224 544 305 582 fore
323 544 500 581 universa
519 558 528 589 ;
559 545 714 582 Monam
734 543 906 588 insulam,
929 542 1036 591 cujus
1053 543 1287 592 possessione
1302 555 1410 581 revo-

225 602 351 636 catum
371 597 585 635 Paullinum
604 599 809 635 rebellione
823 597 940 635 totius
968 595 1177 633 Britanniae
1196 609 1310 646 supra
1334 609 1413 634 me·

224 651 380 697 moraxi,
396 652 568 700 redigere
575 653 614 689 in
629 656 855 702 potestatem
864 650 991 687 animo
1006 649 1183 688 intendit.
1214 650 1302 697 Sed,
1316 655 1361 689 ut
1373 651 1414 688 in

226 705 349 742 dubiis
369 706 543 752 consiliis,
565 718 679 742 naves
697 706 856 742 deerant
876 717 884 741 ε
914 703 1012 741 ratio
1025 707 1064 741 et
1082 704 1296 743 constantia
1307 703 1414 742 ducis

226 759 449 797 transvexit.
477 759 671 808 Depositis
687 759 860 796 omnibus
880 757 1046 804 sarcinis,
1065 757 1288 795 lectissimos
1307 758 1413 795 auxi-

228 812 388 859 liarium,
419 813 554 860 quibus
574 818 665 850 nota
683 813 792 858 vada,
821 817 860 849 et
886 811 1032 861 patrius
1060 811 1176 848 nandi
1203 824 1306 858 usus,
1337 824 1414 862 quo

226 866 338 903 simul
356 879 482 915 seque,
505 872 543 904 et
562 879 678 911 arma,
699 871 737 904 et
766 877 881 915 equos
909 869 1063 913 regunt,
1081 865 1140 903 ita.
1162 869 1319 915 repente
1343 865 1414 902 im-

226 919 341 965 misit,
361 924 405 957 ut
424 920 674 969 obstupefacti
693 920 831 965 hostes,
853 919 917 967 qui
936 919 1102 965 classem,
1123 918 1187 967 qui
1205 931 1331 965 naveS,
1351 919 1417 968 qui

225 985 329 1010 mare
349 974 629 1022 exspectabant,
649 973 744 1010 nihil
763 973 924 1009 arduum
942 977 1009 1010 aut
1035 971 1219 1010 invictum
1245 972 1416 1010 credide—

226 1026 303 1065 rint
323 1027 375 1064 sic
396 1027 442 1063 ad
458 1027 598 1064 bellum
618 1027 871 1064 venientibus.
901 1025 961 1063 Ita
977 1026 1097 1075 petita
1110 1038 1214 1075 pace,
1233 1039 1276 1064 ac
1288 1026 1418 1064 dedita

225 1081 359 1126 insula,
390 1081 512 1118 clarus
542 1094 584 1118 ac
612 1093 772 1130 magnus
791 1080 922 1117 haberi
950 1079 1160 1128 Agricola:
1191 1080 1330 1130 quippe
1357 1081 1418 1118 cui

227 1135 459 1183 ingredienti
486 1135 729 1184 provinciam,
758 1134 861 1183 quod
897 1141 1045 1183 tempus
1067 1133 1130 1171 alii
1156 1146 1224 1183 per
1250 1138 1417 1172 ostenta-

227 1188 381 1234 tionem,
403 1193 469 1226 aut
489 1189 694 1226 officiorum
705 1189 887 1225 ambitum
900 1187 1127 1235 transigunt,
1143 1187 1250 1224 labor
1264 1192 1304 1225 et
1320 1188 1419 1237 peri·

228 1241 353 1278 culum
374 1242 586 1291 placuisset.
643 1243 725 1280 Nec
746 1241 934 1290 Agricola,
955 1241 1205 1290 prosperitate
1223 1253 1349 1278 rerum
1376 1241 1417 1278 in

228 1296 435 1333 vanitatem
473 1309 574 1342 usus,
614 1296 893 1345 expeditionem
931 1299 997 1332 aut
1024 1294 1220 1331 victoriam
1246 1294 1419 1340 vocabat,

228 1349 350 1388 victos
368 1350 599 1386 continuisse
615 1363 622 1386 :
644 1362 693 1386 ne
711 1349 887 1386 laureatis
907 1348 1058 1396 quidem
1072 1352 1181 1396 gesta
1198 1352 1419 1397 prosecutus

229 1410 310 1441 est:
341 1403 408 1440 sed
439 1403 520 1452 ipsa
554 1402 850 1440 dissimulatione
877 1401 984 1438 famae
1005 1400 1142 1438 famam
1169 1401 1287 1448 auxit,
1318 1401 1418 1440 aesti-

228 1457 418 1494 mantibus
437 1461 578 1504 quanta
596 1457 715 1494 futuri
733 1469 798 1505 spe
817 1461 896 1493 tam
914 1468 1052 1504 magna
1069 1455 1262 1493 tacuisset.

284 1510 392 1548 XIX.
425 1510 603 1547 Ceterum
650 1510 862 1547 animorum
894 1508 1095 1559 provinciae
1141 1509 1320 1558 prudens,
1368 1509 1416 1547 si-

229 1564 382 1613 mulque
418 1563 552 1601 doctus
580 1576 646 1613 per
678 1565 800 1601 aliena
827 1563 1096 1613 expeiimenta,
1125 1575 1258 1612 parum
1288 1562 1419 1613 profici

228 1619 351 1662 armis,
382 1617 413 1654 si
441 1617 587 1666 injuriae
626 1622 884 1679 sequerentur,
916 1629 1045 1654 causas
1071 1616 1256 1653 bell01um
1284 1616 1418 1655 statuit

230 1671 460 1708 ‹xscindera
518 1672 554 1707 A
578 1684 616 1708 se
636 1673 787 1721 suisque
806 1683 923 1717 orsus,
953 1670 1112 1720 primam
1140 1670 1294 1707 domum
1312 1683 1417 1708 suam

230 1726 417 1769 coercuit3
448 1725 550 1774 quod
569 1725 757 1774 plerisque
776 1725 878 1762 haud
895 1725 1018 1761 minus
1037 1724 1198 1761 arduum
1216 1728 1284 1770 est,
1305 1736 1417 1774 quam

230 1779 462 1828 provinciam
490 1791 634 1827 regere.
692 1779 797 1815 Nihil
817 1791 883 1829 per
909 1779 1066 1816 libertos
1094 1789 1295 1825 servosque
1321 1777 1418 1826 pub-

231 1833 311 1869 lieae
339 1833 415 1869 rei:
447 1845 524 1870 non
553 1833 687 1870 studiis
714 1833 881 1882 privatis,
910 1845 980 1869 nec
1008 1844 1055 1868 ex
1082 1830 1418 1877 commendatione,

230 1892 296 1923 aut
315 1886 488 1934 precibus
517 1887 780 1924 centurionum
799 1887 936 1924 milites
964 1884 1119 1930 adscire,
1148 1884 1214 1921 sed
1233 1884 1418 1934 optimum

230 1952 415 1988 quemque
442 1940 701 1977 fidelissimum
719 1946 878 1990 putare:
909 1939 1034 1977 omnia
1060 1938 1164 1984 scire,
1185 1950 1263 1974 non
1291 1937 1417 1976 omnia

232 1994 412 2042 exsequi:
461 1994 584 2043 parvis
612 1995 774 2044 peccatis
811 1993 968 2038 veniam,
997 1991 1144 2040 magnis
1181 1990 1418 2030 severitatem

232 2047 494 2085 commodare:
525 2060 594 2084 nec
622 2060 731 2097 poena
758 2060 913 2097 semper,
941 2045 1007 2083 sed
1035 2045 1170 2094 saepius
1197 2045 1418 2094 poenitentia

230 2106 431 2138 contentus
451 2113 530 2138 esse
547 2115 554 2138 :
585 2102 714 2139 officiis
733 2107 771 2140 et
790 2099 1176 2138 administrationibus
1194 2098 1320 2148 potius
1338 2110 1417 2136 non

231 2160 449 2201 peccaturos
468 2168 696 2204 praeponere,
727 2168 836 2204 quam
865 2154 1045 2190 damnare
1073 2165 1159 2190 cum
1185 2158 1416 2202 peccassent.

236 2206 433 2245 Frumenti
451 2214 490 2245 et
509 2210 737 2246 tributorum
757 2208 969 2246 auctionem
988 2206 1202 2255 {equalitate
1220 2217 1417 2243 munerum

230 2260 386 2306 mollire,
397 2261 633 2307 circumcisis,
643 2274 724 2310 quae
740 2262 779 2299 in
800 2267 982 2311 quaestum
1001 2264 1162 2310 reperta,
1174 2260 1255 2309 ipso
1273 2259 1419 2297 tributo

231 2314 383 2362 gravius
415 2315 702 2353 tolerabantur:
732 2328 894 2365 namque
920 2327 987 2364 per
1014 2313 1220 2351 ludibrium
1247 2312 1420 2350 adsidere

231 2368 365 2406 clausis
398 2368 553 2416 horreis,
593 2374 631 2407 ct
665 2381 787 2408 emere
816 2369 918 2408 ultro
952 2368 1152 2415 frumenta,
1183 2379 1226 2406 ac
1253 2365 1417 2405 vendere
