1496 2671
242 148 292 185 58
539 147 731 193 QUINTI
760 148 948 186 CURTII
977 148 1108 186 RUFI

242 257 340 293 tivae
360 255 526 305 profecto
545 268 566 292 a
594 256 862 294 consuetudine
891 256 1009 306 stupri
1027 261 1149 295 ortum
1169 269 1247 294 esse
1265 256 1411 306 conjec-

244 314 337 347 tans.
394 309 582 347 Submotis
608 309 723 358 igitur
751 310 909 356 arbitris,
939 323 1015 348 uno
1043 310 1227 348 duntaxat
1255 310 1412 360 Tyriote

242 369 400 409 retento,⁹
424 362 502 411 jam
522 376 598 400 non
617 364 720 409 flens,
749 364 814 401 sed
833 364 1019 414 suspirans
1040 378 1048 402 ε
1077 367 1086 385 ‘
1102 364 1267 402 Videsne
1293 365 1333 401 in
1361 370 1410 410 te,

243 415 410 465 Tyriote,
430 416 552 454 locum
570 417 763 455 mendacio
790 430 867 454 nou
893 430 972 455 esse
990 418 1010 456 Ρ
1036 423 1223 456 tormenta
1242 413 1322 467 jam
1349 417 1410 455 hic

241 476 372 508 erunt:
402 471 467 507 sed
496 483 543 507 ne
569 472 840 520 exspectaveris
859 484 925 521 per
953 472 1054 518 deos,
1083 472 1114 509 si
1140 472 1229 520 quid
1257 472 1314 509 tui
1341 471 1410 509 tibi

240 523 332 571 regis
360 524 588 563 reverentiae
619 531 675 563 est
696 539 703 563 :
743 538 845 571 num,
872 525 972 574 quod
1000 531 1038 563 et
1070 525 1163 563 scire
1190 530 1336 575 expeto,
1366 533 1405 563 et

240 590 417 625 quaerere
435 578 563 628 pudet,
585 591 693 616 ausus
712 584 769 616 est
796 584 834 616 et
862 579 1035 616 dominus
1054 584 1092 617 et
1104 579 1254 628 juvenis
1265 579 1296 617 ’θ’
1341 578 1411 615 Ille

239 632 447 678 quaestioni
475 645 608 682 corpus
636 633 779 678 offerre,
818 633 908 670 deos
935 638 1049 671 testes
1075 632 1262 678 invocare,
1308 639 1409 671 caste

239 691 439 735 sancteque
457 686 622 724 habitam
641 699 720 724 esse
739 685 920 735 reginam.
951 686 1120 724 Tandem
1141 691 1184 725 ut
1200 686 1293 724 fides
1311 686 1409 724 faeta

239 746 295 776 est
309 752 396 777 vera
423 753 502 778 esse
529 752 622 788 quae
650 740 849 777 affirmaret
877 740 1004 789 spado,
1025 740 1146 790 capite
1182 740 1317 786 velato,
1345 740 1411 776 diu

239 792 365 837 flevit3
405 794 716 844 manantibusque
756 793 878 831 adhue
922 793 1092 839 lacrimis,
1123 799 1226 832 veste
1267 795 1313 831 ab
1347 807 1411 831 ore

238 845 386 895 rejecta,
409 848 456 884 ad
476 848 619 884 coelum
640 860 770 884 manus
787 847 946 885 tendens
967 861 975 885 z
1008 851 1017 868 ‘
1031 847 1097 884 Dii
1114 847 1249 897 patrii,’
1275 848 1409 895 inquit,

239 901 421 949 ‘primum
450 901 539 937 mihi
554 901 718 939 stabilite
744 913 902 950 regnum
922 915 931 945 ;
960 901 1107 947 deinde,
1129 901 1160 938 si
1185 901 1233 938 de
1259 914 1319 938 me
1331 902 1410 950 jam

237 960 466 992 transactum
486 965 554 999 est,
583 968 725 1004 precor,
745 968 794 992 ne
813 955 895 1004 quis
915 955 1028 993 Asiae
1045 967 1113 992 rex
1132 955 1190 1001 sit,
1212 967 1323 1005 quam
1342 955 1413 992 iste

236 1014 310 1045 tam
325 1008 450 1057 justus
468 1008 597 1054 hostis,
611 1014 687 1046 tam
707 1009 914 1046 misericors
932 1007 1078 1047 victor-⁹

289 1061 437 1099 XLIII.
466 1063 527 1100 11.
559 1063 692 1112 Itaque
720 1075 958 1112 quamquam,
986 1075 1078 1112 pace
1094 1062 1232 1100 frustra
1258 1062 1315 1099 bis
1344 1075 1408 1112 pe-

235 1116 314 1162 tita,
336 1116 460 1153 omnia
478 1116 517 1152 in
536 1117 674 1154 bellum
695 1116 847 1154 consilia
864 1121 1111 1161 converterat,
1133 1116 1252 1154 victus
1283 1122 1406 1153 tamen

234 1170 466 1208 continentia
484 1170 614 1216 hostis,
642 1171 689 1208 ad
717 1183 832 1208 novas
861 1171 960 1220 pacis
989 1170 1222 1208 conditiones
1239 1169 1410 1207 ferendas

234 1224 362 1260 decem
383 1224 527 1273 legatos
555 1230 799 1273 cognatorum
819 1224 1003 1274 principes
1021 1223 1122 1262 misit
1142 1237 1150 1262 :
1181 1235 1273 1272 quos
1291 1223 1410 1260 Alex-

235 1277 361 1322 ander,
401 1278 558 1315 concilio
587 1279 778 1324 advocato,
807 1277 995 1316 introduci
1017 1277 1143 1326 jussit.
1219 1275 1249 1314 E
1277 1277 1410 1326 quibus

237 1331 418 1368 maximus
437 1337 540 1377 natu,
571 1336 580 1352 ‘
600 1331 785 1376 Darium‚'
812 1331 947 1380 inquit,
977 1335 1042 1369 ‘ut
1069 1343 1196 1380 pacem
1217 1344 1239 1368 a
1266 1335 1304 1368 te
1331 1330 1411 1379 jam

234 1385 303 1422 hoc
323 1386 435 1423 tertio
453 1391 608 1434 peteret,
630 1386 735 1423 nulla
753 1386 808 1422 vis
827 1385 996 1434 subegit:
1028 1384 1094 1422 sed
1108 1384 1256 1434 justitia
1271 1389 1310 1422 et
1322 1396 1410 1421 con-

234 1439 394 1476 tinentia
421 1445 486 1476 tua
514 1439 705 1488 expressit.
762 1439 935 1484 Matrem,
965 1438 1174 1487 conjugem,
1203 1438 1413 1486 liberosque

236 1493 327 1541 ejus,
349 1492 420 1529 nisi
448 1493 547 1541 quod
578 1494 656 1530 sine
683 1493 747 1530 illo
776 1499 875 1538 sunt,
906 1498 1035 1542 captos
1064 1505 1143 1529 esse
1169 1505 1246 1529 non
1274 1492 1408 1529 sensit:

234 1547 436 1595 pudicitiae
472 1559 600 1584 earum
637 1559 731 1596 quae
768 1553 968 1596 supersunt
1004 1559 1132 1583 curam
1170 1545 1272 1583 haud
1304 1558 1408 1583 secus

234 1613 345 1649 quam
363 1613 496 1649 parens
516 1613 642 1649 agens,
663 1602 810 1649 reginas
830 1600 993 1649 appellas
1010 1613 1018 1636 ε
1048 1600 1207 1649 speciem
1234 1599 1412 1649 pristinae

235 1655 406 1692 fortunae
425 1654 587 1692 retinere
614 1655 765 1703 pateris.
824 1654 978 1691 Vultum
1006 1660 1111 1692 tuum
1142 1653 1262 1699 video,
1293 1653 1412 1702 qualis

235 1708 342 1745 Darii
356 1708 439 1753 fuit,
461 1720 572 1756 quum
593 1708 866 1746 dimitteremur
885 1708 932 1744 ab
945 1720 988 1744 eo
1004 1721 1012 1752 ;
1035 1714 1072 1745 et
1090 1707 1154 1744 ille
1172 1711 1298 1745 tamen
1317 1719 1409 1743 uxo-

235 1775 324 1807 rem,
345 1767 385 1800 tu
402 1761 544 1799 hostem
574 1762 691 1811 luges.
746 1762 833 1799 Jam
858 1762 896 1798 in
912 1761 990 1798 acie
1009 1766 1137 1807 stares,
1157 1760 1229 1798 nisi
1255 1772 1344 1798 eura
1371 1765 1410 1798 te

237 1816 449 1864 sepulturae
465 1815 542 1864 ejus
570 1820 789 1853 moraretur.
846 1815 897 1853 Et
916 1815 1007 1863 quid
1025 1814 1160 1851 mirum
1188 1819 1256 1860 est,
1287 1814 1408 1852 sitam

236 1871 282 1906 ab
300 1870 418 1906 amico
438 1869 561 1906 animo
580 1882 707 1919 pacem
729 1869 823 1919 petit
843 1869 861 1906 P
889 1869 978 1917 quid
998 1880 1091 1917 opus
1110 1872 1166 1906 est
1180 1867 1292 1905 armis
1310 1867 1410 1906 inter

236 1923 429 1973 quos20dia
447 1923 593 1961 sublata
611 1923 730 1961 sunt?
785 1924 911 1960 Antea
924 1922 1079 1972 imperio
1105 1926 1172 1959 tuo
1198 1921 1411 1960 destinabat

238 1977 367 2027 Halyn
388 1990 548 2023 amnem,
569 1977 633 2027 qui
654 1977 812 2027 Lydiam
842 1977 1028 2014 terminat.
1084 1975 1209 2021 Nunc,
1229 1975 1411 2025 quidquid

237 2032 334 2068 inter
362 2030 649 2080 Hellespontum
681 2036 717 2069 et
750 2030 969 2079 Euphraten
996 2035 1062 2075 est,
1092 2030 1132 2066 in
1159 2029 1284 2067 dotem
1314 2029 1412 2066 filiae

240 2085 358 2131 offert,
393 2097 501 2133 quam
541 2085 609 2123 tibi
638 2085 777 2122 tradit:
810 2084 955 2121 Ochum
984 2084 1112 2129 filium,
1141 2095 1251 2132 quem
1281 2083 1407 2128 habes,

241 2139 339 2188 pacis
368 2145 405 2176 et
424 2138 511 2175 fidei
531 2139 697 2175 obsidem
726 2138 870 2175 retine:
900 2142 1055 2175 matrem
1077 2143 1114 2174 et
1134 2137 1224 2174 duas
1244 2136 1407 2186 virgines

240 2193 332 2229 filias
360 2192 504 2229 redde:
534 2205 602 2241 pro
630 2193 748 2230 tribus
775 2192 991 2241 corporibus
1027 2190 1184 2240 triginta
1211 2190 1327 2227 millia
1353 2195 1410 2228 ta-

241 2247 342 2284 lenta
359 2245 437 2282 auri
457 2252 630 2295 precatur
649 2245 816 2295 accipias.
873 2245 956 2282 Nisi
976 2244 1266 2282 moderationem
1296 2243 1410 2281 animi

243 2300 296 2337 tui
315 2304 441 2337 notam
462 2300 649 2345 haberem,
678 2312 754 2336 non
773 2299 934 2336 dicerem
955 2299 1025 2336 hoc
1044 2311 1122 2336 esse
1149 2303 1306 2348 tempus,
1335 2308 1408 2345 quo

243 2366 370 2403 pacem
399 2366 475 2390 non
503 2353 593 2390 dare
621 2353 751 2398 solum,
791 2353 856 2390 sed
886 2353 995 2390 etiam
1027 2364 1207 2402 occupare
1242 2351 1409 2388 deberes.

246 2407 416 2457 Respice,
439 2412 617 2456 quantum
640 2412 721 2456 post
743 2413 780 2444 te
798 2407 1012 2455 reliqueris:
1042 2406 1200 2451 intuere,
1229 2409 1408 2454 quantum
