1496 2671
138 184 190 220 32
474 182 521 220 C.
550 180 704 220 JULII
734 180 995 220 CAESARIS

138 295 270 328 noster
298 289 569 327 adduceretur:
599 288 749 335 deinde,
777 289 880 338 quod
907 290 955 327 ab
983 289 1184 328 nonnullis
1213 288 1349 330 Galfis

141 344 453 388 sollicitarentur,
488 343 630 392 partim
666 342 744 392 qui,
776 349 820 380 ut
859 341 1077 381 Germanos
1114 343 1262 382 diutius
1297 347 1344 383 in·

142 396 273 435 Gallia
300 397 447 434 versari
467 397 681 442 noluerant,
700 397 755 435 ita
774 397 907 446 populi
936 397 1102 435 Romani
1123 398 1341 437 exercitum

139 452 310 488 hiemare
330 456 442 498 atque
461 451 744 488 inveterascere
761 451 803 487 in
824 449 955 488 Gallia
973 451 1131 490 moleste
1146 451 1347 497 ferebant;

141 505 283 554 partim
311 505 378 552 qui
406 504 622 542 mobilitate
649 511 688 542 et
715 504 875 542 levitate
895 505 1014 542 animi
1033 505 1146 542 novis
1163 505 1344 554 imperiis

142 559 365 595 studebant:
386 559 435 595 ab
453 559 651 596 nonnullis
670 559 798 602 etiam,
820 558 924 606 quod
950 558 992 594 in
1013 557 1145 596 Gallia
1163 571 1185 596 a
1203 565 1340 607 poten-

142 612 307 650 tioribus
328 618 444 661 atque
462 612 535 657 his,
555 613 622 660 qui
642 612 690 650 ad
718 611 988 649 conducendos
1014 611 1190 649 homines
1217 612 1340 651 facul-

142 672 241 704 tates
271 666 477 711 habebant,
510 667 629 715 vulgo
655 677 777 715 regna
804 666 1102 714 occupabantur,
1124 666 1192 715 qui
1210 668 1343 706 minus

143 719 256 758 facile
276 732 360 758 eam
379 732 460 757 rem
479 720 521 756 in
540 720 703 768 imperio
722 724 856 756 nostro
874 720 1058 769 consequi
1077 725 1269 769 poterant.

196 774 254 811 ΙΙ.
284 774 340 810 Iis
359 774 512 811 nunciis
530 773 731 821 literisque
750 778 964 810 commotus
983 773 1116 811 Caesar
1134 773 1230 811 duas
1243 773 1342 824 legi-

143 840 235 866 ones
272 828 312 864 in
351 827 529 864 citeriore
568 825 699 864 Gallia
734 838 857 863 novas
891 827 1132 877 conscripsit,
1172 832 1211 864 et
1241 827 1342 868 inita

145 888 290 926 aestate,
308 882 350 917 in
365 881 589 917 interiorem
606 879 776 917 Galliam
790 880 858 928 qui
872 881 1092 926 deduceret,
1108 879 1158 926 Q.
1176 881 1341 921 Pedium

143 936 315 985 legatum
348 935 465 971 misit.
522 933 614 983 Ipse
643 946 762 982 quum
793 934 961 981 primum
980 935 1112 984 pabuli
1131 934 1240 983 copia
1258 948 1343 975 esse

144 990 344 1037 inciperet,
375 988 423 1024 ad
461 987 676 1026 exercitum
703 987 828 1025 venit:
856 989 923 1026 dat
949 989 1149 1038 negotium
1179 987 1345 1028 Senoni-

145 1045 218 1081 bus
237 1042 476 1090 reliquisque
498 1040 635 1088 Gallis,
657 1041 725 1090 qui
751 1042 909 1079 finitimi
928 1040 1060 1092 Belgis
1079 1049 1201 1087 erant,
1221 1043 1281 1082 uti
1300 1056 1348 1082 ea

146 1108 232 1145 quae
251 1096 354 1145 apud
387 1107 450 1133 eos
478 1101 676 1144 gerantur,
697 1102 930 1146 cognoscant
948 1108 1066 1145 seque
1084 1097 1132 1134 de
1150 1097 1211 1134 his
1228 1099 1347 1136 rebus

147 1151 350 1188 certiorem
371 1149 528 1187 faciant.
586 1148 641 1186 Hi
654 1155 876 1188 constanter
894 1162 1026 1187 omnes
1044 1150 1349 1198 nunciaverunt,

146 1216 286 1242 manus
305 1203 403 1251 cogi,
426 1204 642 1241 exercitum
669 1203 711 1240 in
725 1216 848 1241 unum
861 1204 989 1241 locum
1007 1204 1181 1242 conduci.
1240 1204 1349 1242 Tum-

147 1271 241 1296 vero
266 1257 524 1294 dubitandum
555 1270 633 1295 non
666 1257 915 1303 existimavit,
946 1257 1041 1305 quin
1071 1258 1120 1295 ad
1148 1269 1212 1295 eos
1233 1257 1346 1309 [XII

149 1310 230 1362 die]
265 1310 588 1361 proficisceretur.
644 1311 704 1348 Re
737 1309 993 1349 frumentaria
1019 1309 1186 1359 provisa,
1220 1318 1348 1350 castra

148 1373 279 1403 movet
296 1365 511 1413 diebusque
529 1365 684 1403 circiter
702 1364 923 1414 quindecim
942 1365 991 1403 ad
1017 1365 1116 1403 fines
1134 1364 1349 1415 Belgarum

148 1419 341 1470 pervenit.

204 1472 284 1510 III.
314 1472 375 1509 Eo
394 1485 515 1521 quum
533 1472 580 1509 de
605 1472 817 1522 improviso
835 1472 1075 1522 celeriusque
1094 1472 1199 1509 omni
1219 1473 1349 1522 opini-

151 1539 224 1564 one
243 1526 425 1571 venisset,
446 1525 572 1569 Remi,
593 1526 661 1574 qui
680 1526 848 1575 proximi
863 1524 1005 1564 Galliae
1022 1539 1073 1565 ex
1088 1525 1223 1576 Belgis
1242 1534 1348 1573 sunt,

151 1581 200 1618 ad
221 1592 310 1618 eum
328 1580 477 1630 legatos
496 1578 645 1616 Iccium
664 1586 703 1617 et
723 1580 1025 1629 Antebrogium,
1044 1580 1190 1630 primos
1208 1580 1351 1618 civita-

151 1635 214 1680 tis,
235 1634 432 1679 miserunt,
453 1633 520 1682 qui
549 1633 733 1678 dicerent,
757 1646 799 1671 se
828 1646 973 1682 suaque
1005 1633 1134 1672 omnia
1162 1634 1204 1670 in
1231 1634 1351 1672 fidem

152 1694 269 1738 atque
288 1692 518 1736 potestatem
538 1687 672 1736 populi
701 1687 867 1725 Romani
895 1688 1137 1737 permittere:
1163 1700 1290 1736 neque
1308 1700 1353 1725 se

152 1754 242 1779 cum
260 1741 396 1790 Belgis
415 1740 575 1789 reliquis
595 1741 847 1786 eonsensisse,
864 1753 991 1790 neque
1011 1747 1145 1778 contra
1162 1741 1351 1790 populum

151 1795 372 1833 Romanum
410 1795 567 1832 omnino
614 1794 855 1843 conjurasse:
899 1800 1130 1845 paratosque
1181 1806 1264 1832 esse
1309 1800 1350 1831 et

152 1850 303 1887 obsides
322 1850 413 1886 dare
432 1854 471 1885 et
498 1848 687 1897 imperata
719 1848 846 1886 facere
879 1855 918 1886 et
947 1848 1099 1898 oppidis
1117 1848 1290 1895 recipere
1308 1853 1349 1885 et

151 1903 350 1940 frumento
385 1901 598 1950 ceterisque
648 1902 766 1940 rebus
797 1901 956 1950 juvare:
1001 1902 1172 1950 reliquos
1215 1913 1350 1938 omnes

151 1956 296 2006 Belgas
314 1957 357 1993 in
387 1955 504 1993 armis
525 1967 624 1993 esse:
653 1953 952 2004 Germanosque,
981 1955 1049 2004 qui
1078 1955 1134 1992 cis
1166 1954 1352 1992 Rhenum

153 2010 341 2055 incolunt,
370 2021 452 2047 sese
489 2021 577 2046 cum
618 2009 679 2046 his
709 2009 975 2058 conjunxisse:
1000 2013 1230 2057 tantumque
1267 2020 1354 2045 esse

154 2076 287 2100 eorum
324 2063 497 2101 omnium
533 2061 716 2108 furorem,
757 2069 802 2100 ut
838 2075 888 2100 ne
919 2062 1146 2101 Suessiones
1179 2061 1354 2110 quidem,

153 2116 293 2154 fratres
313 2115 696 2166 consanguineosque
724 2128 823 2161 suos,
854 2116 921 2165 qui
940 2116 1075 2153 eodem
1088 2115 1193 2164 jure,
1210 2115 1352 2152 iisdem

153 2170 306 2219 legibus
337 2176 510 2213 utantur,
546 2182 668 2206 unum
693 2169 900 2218 imperium
930 2181 1128 2217 unumque
1146 2168 1354 2218 magistra-

153 2231 237 2261 tum
257 2236 345 2261 cum
363 2224 458 2272 ipsis
491 2222 669 2269 habeant,
701 2223 897 2261 deterrere
923 2223 1131 2272 potuerint,
1148 2222 1243 2272 quin
1263 2233 1353 2259 cum

153 2277 215 2315 his
231 2277 505 2314 consentirent.

208 2330 283 2368 IV.
316 2329 445 2377 Quum
466 2329 514 2368 ab
533 2330 593 2366 his
613 2334 815 2378 quaereret,
829 2342 914 2378 quae
933 2329 1112 2367 civitates
1127 2333 1355 2377 quantaeque

154 2385 197 2422 in
217 2385 333 2422 armis
353 2390 492 2429 essent,
513 2390 552 2421 et
571 2384 665 2432 quid
683 2384 724 2420 in
743 2383 844 2421 bello
857 2389 1026 2432 possent,
1045 2383 1100 2420 sic
1118 2381 1356 2431 reperiebatz

157 2438 359 2488 plerosque
378 2437 521 2486 Belgas
540 2449 622 2474 esse
642 2443 746 2475 ortos
776 2438 824 2475 ab
846 2435 1074 2480 Germanis-3
1093 2436 1357 2484 Rhenumque.-
