1496 2671
145 230 198 265 20
484 224 528 262 C.
558 225 714 263 JULII
744 224 1002 264 CAESARIS

146 334 298 380 Quibus
317 330 433 371 rebus
454 345 569 381 quam
598 333 823 370 maturrime
852 333 1131 370 occurrendum
1161 334 1338 381 putabat.

143 388 234 437 Ipse
254 393 383 425 autem
398 385 623 423 Ariovistus
639 394 765 423 tantos
786 387 859 424 sibi
873 387 1044 435 spiritus,
1066 393 1212 424 tantam
1232 400 1337 424 arro-

142 442 314 491 gantiam
337 446 538 485 sumserat,
559 446 605 477 ut
623 439 805 476 ferendus
825 453 901 477 non
922 441 1130 478 videretur.

197 495 406 531 XXXIV.
438 493 697 540 Quamobrem
717 494 862 542 placuit
882 494 930 538 ei,
951 500 995 530 ut
1023 495 1071 531 ad
1091 494 1339 531 Ariovistum

142 549 291 598 legatos
320 548 504 593 mitteret,
539 547 606 596 qui
637 548 684 584 ab
715 560 760 584 eo
786 547 1037 593 postularent,
1077 549 1135 584 uti
1173 547 1339 595 aliquem

141 603 269 640 locum
298 602 468 639 medium
500 602 701 649 utriusque
730 600 919 648 colloquio
949 601 1109 638 diceret:
1140 600 1236 638 velle
1255 613 1338 638 sese

144 657 191 693 de
212 653 412 705 republica
432 662 470 693 et
484 655 645 692 summis
668 654 871 701 utriusque
899 654 1015 691 rebus
1035 667 1122 691 cum
1148 666 1193 691 eo
1212 667 1338 703 agere.

142 709 193 746 Ei
208 709 394 759 legationi
410 709 635 746 Ariovistus
650 708 864 756 respondit:
883 705 921 743 Si
938 708 1032 755 quid
1051 708 1127 757 ipsi
1147 720 1169 744 a
1186 706 1338 746 Caesare

142 776 239 812 opus
259 769 369 808 esset,
391 775 473 800 sese
493 761 539 799 ad
560 774 647 798 eum
669 766 876 798 venturum
895 759 1032 804 fuisse;
1052 763 1084 798 si
1104 760 1199 809 quid
1212 760 1278 798 ille
1296 773 1337 799 se

142 817 251 863 velit,
271 817 383 854 illum
403 817 450 853 ad
471 828 511 853 se
531 814 659 852 venire
688 820 877 863 oportere.
934 813 1124 854 Praeterea
1143 827 1184 852 se
1213 826 1339 862 neque

142 871 227 908 sine
246 871 421 908 exercitu
441 870 483 905 in
504 881 567 906 eas
597 874 725 915 partes
756 867 893 904 Galliae
922 868 1054 906 venire
1073 869 1225 912 audere,
1243 880 1339 916 quas

145 924 523 975 Caesaifipossideret,
551 934 678 970 neque
706 921 922 958 exercitum
951 921 1034 959 sine
1067 934 1206 971 magno
1234 933 1337 958 com-

142 985 273 1016 meatu
306 984 421 1025 atque
457 975 704 1013 emolimento
740 975 781 1010 in
816 987 934 1012 unum
969 975 1096 1013 locum
1115 974 1339 1013 contrahere

143 1044 270 1082 posse:
301 1031 375 1068 sibi
403 1036 533 1067 autem
553 1029 695 1065 mirum
730 1028 865 1073 videri,
900 1029 994 1076 quid
1030 1029 1069 1065 in
1103 1031 1174 1067 sua
1210 1025 1341 1066 Gallia

142 1098 260 1134 quam
292 1084 393 1122 bello
425 1083 596 1128 vicisset,
627 1090 693 1120 aut
725 1081 868 1118 Caesari
905 1089 973 1119 aut
1010 1083 1170 1121 omnino
1198 1082 1340 1132 populo

143 1140 321 1176 Romano
340 1137 486 1187 negotii
507 1142 618 1173 esset.

197 1191 381 1231 XXXV.
414 1191 488 1231 His
507 1189 701 1238 responsis
729 1189 777 1225 ad
807 1187 999 1226 Caesarem
1032 1189 1174 1235 relatis,
1195 1190 1337 1229 iterum

144 1247 192 1284 ad
212 1259 299 1284 eum
322 1245 453 1283 Caesar
483 1245 630 1293 legatos
657 1255 743 1280 cum
777 1243 838 1279 his
857 1243 1048 1280 mandatis
1069 1243 1203 1281 mittit:
1235 1243 1342 1291 Quo·-

143 1301 249 1337 niam
278 1305 386 1337 tanto
419 1310 488 1336 suo
519 1296 729 1346 populique
763 1296 928 1332 Romani
958 1297 1146 1334 beneficio
1165 1297 1339 1344 affectus,

143 1367 264 1403 quum
283 1354 325 1390 in
352 1352 554 1390 consulatu
574 1363 643 1387 suo
664 1361 737 1386 rex
764 1355 880 1398 atque
909 1350 1055 1386 amicus
1074 1363 1096 1387 a
1115 1357 1250 1388 senatu
1271 1364 1340 1400 ap-

144 1408 309 1457 pellatus
329 1411 441 1450 esset,
476 1405 574 1441 hanc
608 1403 680 1440 sibi
715 1404 932 1452 populoque
966 1403 1141 1441 Romano
1172 1405 1339 1453 gratiam

144 1461 315 1504 referret,
338 1465 381 1496 ut
408 1460 450 1495 in
469 1457 701 1506 colloquium
722 1457 857 1493 venire
885 1456 1074 1494 invitatus
1094 1465 1338 1506 gravaretur,

143 1527 269 1564 neque
288 1514 335 1550 (le
355 1512 549 1550 communi
568 1524 611 1548 re
639 1510 842 1547 dicendum
873 1510 947 1547 sibi
967 1517 1006 1547 et
1031 1512 1339 1560 cognoscendum

143 1573 315 1618 putaret3
343 1568 423 1603 haec
443 1578 537 1609 esse,
567 1577 651 1613 quae
681 1565 729 1600 ab
761 1576 806 1600 eo
834 1563 1061 1612 postularet:
1091 1565 1270 1614 primum,
1291 1578 1340 1604 ne

143 1634 259 1670 quam
279 1621 478 1657 hominum
507 1618 797 1655 multitudinem
825 1617 990 1666 amplius
1018 1624 1125 1655 trans
1159 1618 1339 1656 Rhenum

142 1676 183 1712 in
207 1674 377 1712 Galliam
404 1673 685 1710 transduceret:
715 1671 854 1708 deinde
882 1671 1045 1715 obsides,
1066 1684 1162 1720 quos
1180 1672 1341 1710 haberet

143 1731 191 1767 ab
221 1728 376 1774 AEduiS‚
406 1727 597 1770 redderet,
617 1725 883 1773 Sequanisque
901 1725 1153 1773 permitteret,
1185 1732 1227 1762 ut
1244 1738 1340 1774 quos

142 1783 200 1819 illi
220 1783 418 1826 haberent,
448 1779 649 1816 voluntate
677 1777 760 1826 ejus
780 1778 939 1814 reddere
967 1778 1043 1814 illis
1063 1778 1212 1822 liceret3
1241 1792 1340 1816 neve

143 1837 297 1873 AEduos
330 1834 476 1882 injuria
513 1834 731 1876 lacesseret,
763 1843 862 1868 neve
899 1831 958 1868 his
987 1832 1177 1880 sociisque
1205 1837 1361 1869 eorum'

142 1890 288 1927 bellum
325 1888 502 1925 inferret:
551 1886 583 1923 si
633 1886 674 1922 id
710 1886 766 1922 ita
798 1884 962 1927 fecisset,
1002 1885 1077 1921 sibi
1120 1886 1339 1934 populoque

143 1944 320 1981 Romano
348 1947 572 1991 perpetuam
605 1939 769 1988 gratiam
798 1944 913 1987 atque
941 1937 1148 1976 amicitiam
1175 1951 1265 1976 cum
1294 1952 1340 1975 eo

143 1998 331 2034 futuram:
361 1996 393 2033 si
415 2007 491 2032 non
514 1994 750 2042 impetraret,
772 2004 865 2036 sese,
887 1991 1066 2040 quoniam
1082 1992 1139 2028 M.
1157 1990 1340 2038 Messala,

145 2051 201 2087 M.
235 2050 379 2086 Pisone
418 2048 525 2092 Coss,
566 2052 722 2084 senatus
753 2045 978 2090 censuisset,
1016 2046 1074 2081 uti
1104 2045 1343 2095 quicumque

145 2103 316 2141 Galliam
336 2102 575 2151 provinciam
604 2101 807 2141 obtineret,
828 2099 931 2147 quod
961 2100 1160 2136 commodo
1180 2100 1338 2148 reipub-

144 2157 227 2194 licae
260 2156 388 2193 facere
425 2160 565 2204 posset,
597 2153 750 2191 AEduos
781 2158 1004 2199 ceterosque
1035 2152 1176 2189 amicos
1206 2152 1338 2201 populi

145 2210 311 2248 Romani
348 2208 583 2252 defenderet,
614 2207 834 2243 AEduorum
868 2204 1030 2253 iujurias
1068 2218 1144 2242 non
1183 2206 1336 2255 neglec-

144 2271 290 2302 turum.

198 2315 408 2353 XXXVI.
438 2315 503 2351 Ad
518 2311 619 2350 'haee
653 2311 876 2349 Ariovistus
908 2312 1121 2361 respondit:
1151 2313 1227 2350 Jus
1255 2323 1337 2350 esse

142 2371 246 2415 belli,
271 2376 311 2407 ut
330 2369 398 2418 qui
417 2368 600 2405 vicissent
619 2367 667 2402 iis
686 2378 781 2414 quos
800 2366 995 2411 vicissent,
1016 2366 1335 2414 quemadmodum

144 2425 299 2469 vellent,
338 2424 589 2472 imperarent:
626 2421 719 2457 item
752 2420 934 2468 populum
976 2420 1193 2457 Romanum
1223 2418 1336 2456 victis

145 2491 220 2515 non
242 2479 289 2515 ad
322 2477 480 2514 alterius
511 2473 785 2524 praescriptum,
825 2473 890 2510 sed
921 2474 968 2510 ad
989 2485 1098 2510 suum
1133 2471 1335 2510 arbitrium
