1496 2671
239 95 291 132 20
534 104 631 132 cAro
649 104 777 132 maon
796 104 847 131 nn
867 105 1108 134 sensorum.

238 202 396 241 fortasse
413 201 589 239 laetatur:
619 201 686 238 sed
713 201 922 241 delectatur
947 203 1061 241 etiam
1089 207 1263 241 senectus
1289 203 1420 253 procul

240 269 301 294 eas
338 263 522 305 spectanS,
559 260 720 302 tantum,
758 262 941 304 quantum
967 261 1026 294 sat
1053 262 1124 295 est.
1179 257 1244 296 49.
1274 257 1329 295 At
1355 257 1421 295 illa

240 310 372 358 quanti
392 314 492 354 sunt,
513 309 690 355 animum,
707 314 885 358 tanquam
905 310 1069 347 emeritis
1087 310 1283 360 stipendiis
1298 310 1422 348 libidi-

239 364 309 409 nis,
330 362 556 404 ambitionis,
577 363 839 409 contentionis,
859 363 1148 409 inimicitiarum,
1170 364 1421 413 cupiditatum

240 417 418 461 omnium,
440 428 562 453 secum
591 428 681 462 esse,
701 429 910 464 secumque,
930 421 975 454 ut
1003 417 1152 463 dicitur,
1173 418 1319 455 vivere!
1379 417 1419 454 Si

240 483 329 508 vero
348 470 463 507 habet
481 469 632 519 aliquod
651 475 831 518 tanquam
851 470 1030 518 pabulum
1057 471 1174 508 studii
1194 476 1306 520 atque
1333 471 1422 508 doc-

238 524 360 568 trinae,
380 523 472 560 nihil
489 528 545 560 est
565 523 683 561 otiosa
702 528 896 561 senectute
918 522 1139 571 jucundius.
1195 525 1294 562 Mori
1312 536 1420 574 paene

239 578 458 614 videbamus
477 577 516 613 in
535 577 661 614 studio
680 577 905 615 dimetiundi
925 577 1006 613 caeli
1025 582 1137 625 atque
1153 583 1263 615 terrae
1284 578 1419 616 Caium

242 631 406 674 Gallum,
435 630 651 667 familiarem
679 630 795 680 patris
831 630 900 675 tui,
933 630 1070 679 Scipio.
1128 630 1286 675 Quoties
1312 631 1419 669 illum

239 684 318 730 lux,
339 691 455 722 noctu
475 684 614 733 aliquid
634 684 844 721 describere
862 683 1084 733 ingressum,
1105 685 1250 732 quoties
1264 697 1338 722 nox
1353 697 1420 734 op-

239 739 387 789 pressit,
416 750 529 786 quum
558 750 666 774 mane
704 737 895 786 coepisset!
927 737 1052 782 Quam
1080 737 1293 776 delectabat
1320 751 1416 785 eum,

239 792 469 830 defectiones
497 790 584 828 solis
613 796 650 828 et
667 790 767 827 lunae
796 791 915 828 multo
933 791 1042 828 nobis
1070 797 1159 829 ante
1185 791 1418 841 praedicere!

239 846 302 883 50.
332 845 436 890 Quid
454 844 494 881 in
512 844 714 881 levioribus
730 844 875 888 studiis,
890 845 956 881 sed
971 850 1098 882 tamen
1110 846 1230 883 acutis
1245 845 1265 883 ἶ)
1294 845 1419 890 Quam

240 899 432 947 gaudebat
451 897 550 934 bello
579 910 647 934 suo
667 897 812 935 Punico
840 898 996 935 Naevius
1016 899 1024 936 l
1055 911 1165 946 quam
1187 899 1419 937 Truculento

244 952 423 989 Plautus!
455 963 566 999 quam
586 951 794 989 Pseudolo!
853 952 942 989 Vidi
962 952 1073 990 etiam
1093 953 1218 989 senem
1240 952 1414 990 Livium:

242 1006 303 1055 qui
324 1018 439 1054 quum
459 1018 524 1042 sex
543 1005 652 1042 annis
671 1011 770 1050 ante,
792 1017 900 1053 quam
923 1018 994 1054 ego
1014 1011 1126 1044 natus
1141 1019 1235 1052 sum,
1255 1006 1420 1044 fabulam

241 1060 441 1103 docuisset,
472 1058 645 1096 Centone
675 1059 940 1107 Tuditanoque
970 1059 1208 1105 Consulibus,
1227 1072 1344 1109 usque
1371 1060 1420 1097 ad

241 1111 532 1151 adolescentiam
560 1125 679 1150 meam
707 1113 888 1161 processit
916 1118 1041 1151 aetate.
1100 1113 1205 1158 Quid
1223 1114 1272 1151 de
1290 1113 1418 1151 Publii

242 1167 377 1204 Licinii
398 1166 521 1203 Crassi
541 1171 579 1203 et
597 1167 777 1215 pontificii
799 1172 836 1204 et
856 1167 972 1204 civilis
986 1166 1083 1215 juris
1102 1167 1229 1205 studio
1247 1167 1379 1215 loquar
1397 1167 1416 1204 Ρ

240 1227 305 1258 aut
325 1221 373 1257 de
390 1219 502 1267 hujus
523 1219 648 1257 Publii
663 1220 858 1269 Scipionis,
872 1221 935 1268 qui
954 1220 1011 1257 his
1025 1221 1153 1269 paucis
1168 1221 1300 1258 diebus
1317 1220 1417 1257 Pon-

241 1275 333 1312 tifex
352 1275 533 1310 maximus
552 1273 673 1311 faetus
693 1280 749 1312 est
763 1274 782 1310 Ρ
840 1274 958 1323 Atqui
974 1287 1037 1311 eos
1049 1287 1192 1319 omnes,
1205 1287 1297 1323 quos
1316 1287 1417 1312 com-

239 1328 455 1372 memoravi,
475 1327 532 1364 his
551 1327 684 1364 studiis
697 1327 900 1376 flagrantes
915 1340 1020 1365 senes
1036 1327 1208 1365 vidimus.
1248 1328 1418 1366 Marcum

238 1394 327 1418 vero
349 1380 571 1429 Cethegum,
591 1393 700 1428 quem
720 1387 821 1419 recte
841 1382 982 1419 Suadoe
999 1380 1196 1419 medullam
1214 1382 1312 1419 dixit
1340 1381 1419 1418 En-

238 1435 334 1479 nius,
374 1443 514 1483 quanto
551 1434 676 1471 studio
713 1435 876 1472 exerceri
913 1435 952 1472 in
982 1435 1151 1473 dicendo
1187 1436 1418 1481 videbamus,

239 1489 346 1525 etiam
368 1487 518 1525 senem!
551 1488 646 1533 Quae
674 1496 763 1526 sunt
790 1489 909 1538 igitur
937 1489 1131 1538 epularum
1159 1494 1226 1527 aut
1243 1490 1420 1527 ludorum

240 1550 305 1579 aut
320 1547 528 1579 scortorum
552 1541 765 1590 voluptates
793 1555 876 1579 cum
905 1542 963 1580 his
982 1543 1239 1591 voluptatibus
1266 1556 1416 1593 compa-

238 1596 366 1633 randae
382 1595 400 1632 Ῥ
457 1595 584 1642 Atque
617 1595 697 1633 haec
734 1596 883 1644 quidem
913 1597 1038 1634 studia
1063 1596 1259 1634 doctrinae.
1317 1598 1414 1642 Quae

240 1649 391 1697 quidem
409 1649 658 1697 prudentibus
677 1654 715 1687 et
734 1650 830 1687 bene
848 1650 1030 1688 institutis
1049 1650 1189 1699 pariter
1208 1663 1291 1688 cum
1306 1656 1419 1689 aetate

238 1707 411 1740 creseunt
431 1716 439 1740 :
469 1707 513 1739 ut
532 1702 730 1741 honestum
758 1703 853 1740 illud
881 1703 1028 1741 Solonis
1049 1703 1110 1747 sit,
1131 1705 1232 1753 quod
1251 1705 1304 1742 ait
1333 1717 1415 1742 ver-

239 1756 355 1794 siculo
374 1756 547 1805 quodam,
565 1763 608 1793 ut
625 1762 714 1794 ante
729 1757 818 1801 dixi,
833 1770 1009 1795 senescere
1022 1770 1069 1803 se,
1085 1758 1200 1795 multa
1219 1758 1338 1795 indies
1351 1759 1419 1796 ad·

238 1811 454 1848 discentem.-
483 1822 555 1858 qua
575 1810 769 1860 voluptate
783 1811 897 1848 animi
925 1811 1027 1849 nulla
1054 1817 1154 1849 certe
1182 1816 1307 1861 potest
1334 1824 1414 1850 esse

238 1863 368 1912 major.

292 1917 376 1954 XV.
408 1917 470 1954 51.
501 1917 623 1955 Venio
643 1930 744 1955 nunc
758 1918 806 1954 ad
825 1918 1036 1968 voluptates
1048 1918 1308 1968 agricolarum,
1330 1919 1414 1968 qui-

237 1970 307 2007 bus
328 1984 398 2019 ego
419 1971 688 2009 incredibiliter
707 1972 896 2010 delector:
918 1984 1000 2021 quae
1020 1984 1090 2010 nec
1110 1973 1187 2009 ulla
1205 1973 1417 2022 impediun-

238 2029 300 2061 tur
320 2031 526 2070 senectute,
542 2031 580 2063 et
599 2025 689 2062 mihi
707 2026 754 2062 ad
768 2026 945 2075 sapientis
960 2026 1075 2064 vitam
1094 2026 1263 2075 proxime
1282 2026 1414 2064 viden-

237 2082 300 2115 tur
326 2078 516 2115 accedere.
572 2079 728 2116 Habent
754 2080 852 2116 enim
880 2080 1063 2117 rationem
1083 2093 1169 2117 cum
1196 2085 1309 2125 terra,
1330 2092 1413 2128 quae

238 2143 431 2178 nunquam
469 2137 616 2170 recusat
651 2132 859 2182 imperium,
898 2145 967 2170 nec
994 2145 1159 2181 unquam
1187 2133 1267 2171 sine
1303 2147 1416 2172 usura

236 2184 374 2229 reddit,
395 2185 494 2232 quod
523 2185 666 2234 accepit
685 2199 693 2223 :
724 2186 789 2223 sed
808 2186 897 2223 alias
926 2188 1080 2233 minore,
1100 2187 1318 2237 plerumque
1336 2201 1414 2225 ma-

233 2237 318 2286 jore
345 2250 429 2275 eum
448 2238 587 2276 fenore.
647 2238 872 2288 Quanquam
901 2253 960 2277 me
987 2241 1139 2289 quidem
1165 2253 1244 2278 non
1271 2241 1415 2279 fructus

237 2291 348 2328 modo
368 2291 434 2328 sed
448 2291 561 2329 etiam
580 2292 696 2341 ipsius
710 2298 819 2330 terrae
840 2293 895 2330 vis
914 2306 956 2331 ac
968 2300 1105 2333 natura
1115 2294 1305 2333 delectat:
1325 2306 1407 2343 quae

239 2357 354 2392 quum
374 2345 516 2394 gremio
536 2346 680 2383 mollito
700 2359 742 2384 ac
761 2347 917 2386 subacto
932 2361 1059 2386 semen
1073 2360 1242 2400 sparsum
1257 2347 1416 2399 excepit,
