1496 2671
406 123 570 163 LIBER
599 121 868 168 QUARTUS.
1200 121 1249 160 GT

92 240 178 274 ante
204 233 320 284 prima
346 233 453 280 signa
480 230 740 268 dimicaturum
761 243 769 266 :
801 229 986 278 spondere
1013 241 1080 278 pro
1099 241 1139 266 se
1158 235 1249 278 quot

92 289 288 332 cicatrices,
315 285 471 323 totidem
497 284 660 333 corporis
688 283 848 320 decora:
878 283 970 320 scire
997 282 1105 332 ipsos,
1135 295 1251 319 unum

91 354 206 391 paene
223 353 262 378 se
279 338 435 389 praedae
454 337 656 375 communis
676 341 859 374 exsortem
873 336 911 372 in
925 336 996 373 illis
1011 336 1174 374 colendis
1192 348 1250 372 or-

92 395 295 442 nandisque
312 404 490 440 usurpare
508 391 683 428 victoriae
697 390 858 439 praemia
874 402 881 426 :
912 389 1018 426 Haec
1039 402 1077 427 se
1095 390 1253 428 fortibus

90 449 177 486 viris
203 447 347 484 dicere:
379 445 418 483 Si
437 445 499 494 qui
517 444 712 482 dissimiles
741 455 868 480 eorum
887 448 1022 487 esseut,
1049 444 1113 480 illa
1139 443 1252 481 fuisse

90 503 294 539 dicturum:
324 498 530 548 pervenisse
545 511 599 542 eo,
618 497 718 534 unde
735 496 864 545 fugere
881 508 958 533 non
976 502 1137 545 possent.
1178 496 1252 534 Tot

90 562 267 593 terrarum
287 552 404 602 spatia
423 552 588 596 emensis,
609 557 666 589 tot
694 551 863 587 amnibus
881 550 1142 598 montibusque
1169 556 1251 599 post

89 615 234 656 tergum
253 606 418 655 objectis,
447 606 519 643 iter
537 605 576 641 in
604 604 760 654 patriam
787 608 823 641 et
852 607 1002 652 penates
1030 616 1140 640 manu
1169 616 1250 640 esse

89 660 309 699 faciendum.
365 659 425 697 Sic
453 659 576 704 duces,
614 658 665 695 sic
701 657 858 707 proximi
895 657 1054 695 militum
1086 657 1255 695 instincti

90 719 188 752 sunt.

140 767 224 805 LV.
255 766 392 803 Darius
411 765 449 803 in
468 766 573 803 laevo
592 777 707 802 cornu
725 768 804 801 erat
824 776 832 807 ;
861 775 997 811 magno
1017 776 1167 802 suorum
1186 777 1252 813 ag·

89 822 198 868 mine,
214 820 366 858 delectis
384 819 549 868 equitum
566 818 806 867 peditumque
824 817 1003 866 stipatus:
1025 823 1256 867 contempse-

90 881 221 924 ratque
248 873 470 923 paucitatem
506 872 646 916 hostis3
676 884 808 908 vanam
835 871 948 907 aciem
977 883 1066 916 esse,
1096 872 1257 910 extentis

90 928 274 973 cornibus,
294 932 411 965 ratus.
459 926 645 970 Ceterum,
666 925 761 963 sicut
780 937 889 961 curru
908 924 1104 970 eminebat,
1126 926 1259 963 dextra

91 983 266 1031 laevaque
293 981 341 1018 ad
368 979 684 1018 circumstantium
721 978 869 1027 agmina
901 978 1026 1015 oculos
1056 991 1259 1028 manusque

89 1035 366 1072 circumferens:
397 1037 408 1054 ‘
426 1031 649 1077 Terrarum,’
675 1032 808 1081 inquit,
829 1034 840 1051 ‘
855 1044 944 1080 quas
973 1031 1144 1070 Oceanus
1172 1033 1261 1070 hinc

92 1089 207 1133 alluit,
221 1088 321 1125 illinc
337 1087 475 1125 claudit
488 1086 763 1135 Hellespontus,
784 1085 895 1134 paulo
913 1085 999 1122 a'nte
1017 1085 1168 1131 domini,
1179 1086 1259 1135 jam

93 1155 167 1179 uon
185 1142 232 1179 de
250 1141 379 1190 gloria,
400 1140 464 1177 sed
483 1140 530 1177 de
549 1140 678 1184 salute,
699 1143 748 1185 et,
769 1139 870 1188 quod
889 1138 999 1176 saluti
1017 1140 1255 1189 praeponitis,

92 1197 139 1233 (le
165 1195 337 1232 libertate
362 1193 606 1244 pugnandum
631 1199 700 1230 est.
756 1191 831 1228 Hic
851 1191 928 1229 dies
955 1192 1161 1241 imperium,
1182 1207 1257 1243 quo

90 1249 192 1286 nulla
203 1248 359 1297 amplius
374 1247 466 1285 vidit
483 1251 594 1292 aetas,
611 1250 676 1284 aut
694 1245 906 1291 constituet,
916 1250 980 1283 aut
995 1246 1112 1284 finiet.
1141 1247 1258 1297 Apud

95 1302 296 1339 Granicum
316 1301 466 1337 minima
483 1300 616 1337 virium
644 1304 749 1349 parte
769 1311 852 1336 eum
870 1299 977 1336 hoste
1004 1301 1226 1338 certavimus
1247 1315 1255 1339 ε

96 1356 134 1392 in
164 1355 291 1392 Cilicia
317 1355 433 1392 victos
455 1354 561 1404 Syria
586 1358 732 1403 poterat
760 1353 951 1402 excipere:
982 1365 1116 1401 magna
1135 1355 1257 1391 muni-

95 1415 219 1447 menta
232 1408 338 1457 regni
354 1407 477 1456 Tigris
496 1415 607 1456 atque
622 1406 830 1456 Euphrates
849 1412 968 1444 erant.
1024 1406 1188 1445 Ventum
1204 1414 1259 1446 est

95 1476 149 1509 eo,
179 1463 279 1499 unde
297 1461 411 1511 pulsis
429 1473 476 1497 ne
494 1461 603 1509 fugae
622 1460 770 1509 quidem
788 1460 890 1496 locus
905 1464 971 1497 est.
1029 1460 1166 1498 Omnia
1184 1467 1260 1499 tam

92 1515 237 1554 diutino
263 1515 361 1552 bello
389 1514 567 1552 exhausta
593 1518 678 1564 post
705 1518 854 1562 tergum
882 1518 996 1556 sunt;
1027 1526 1103 1550 non
1121 1515 1264 1553 incolas.

96 1582 180 1607 suos
197 1570 306 1606 urbes
321 1582 330 1613 ;
352 1581 426 1605 non
441 1568 600 1606 cultores
612 1567 751 1604 habent
769 1572 904 1605 terrae.
961 1567 1149 1616 Conjuges
1168 1582 1259 1618 quo-

97 1636 167 1672 que
195 1629 232 1661 et
258 1623 365 1660 liberi
392 1627 597 1671 sequuntur
633 1621 728 1658 hanc
764 1620 888 1664 aciem,
929 1626 1057 1670 parata
1094 1622 1263 1660 hostibus

95 1676 242 1725 praeda,
271 1676 342 1713 nisi
360 1689 427 1725 pro
454 1675 649 1712 carissimis
675 1673 893 1724 pignoribus
921 1687 1075 1723 corpora
1103 1678 1258 1726 opponi-

96 1743 188 1768 mus.
246 1729 358 1775 Quod
393 1741 556 1766 mearum
591 1728 663 1766 fuit
698 1728 870 1777 partium,
909 1728 1125 1775 exercitum,
1153 1743 1262 1779 quem

98 1796 213 1833 paene
226 1783 404 1821 immensa
421 1782 591 1832 planities
609 1782 672 1818 vix
689 1785 847 1831 caperet,
867 1783 1076 1831 comparavi
1093 1796 1100 1819 :
1132 1796 1258 1832 equos,

97 1850 197 1874 arma
216 1836 410 1874 distribui:
432 1839 667 1882 commeatus,
687 1847 735 1872 ne
753 1839 880 1873 tantae
907 1835 1139 1873 multitudini
1158 1838 1263 1875 dees-

99 1896 191 1937 sent,
211 1890 378 1941 providi:
398 1890 533 1935 locum,
552 1889 592 1926 in
606 1901 680 1938 quo
694 1889 789 1926 acies
807 1888 982 1938 explicari
995 1894 1130 1938 posset,
1151 1890 1259 1939 elegi.

100 1943 232 1982 Cetera
257 1944 298 1981 in
325 1949 446 1981 vestra
472 1948 656 1992 potestate
674 1947 762 1980 sunt
782 1955 789 1979 :
819 1942 954 1980 audete
973 1943 1086 1980 modo
1100 1943 1261 1990 vincere,

99 1997 316 2048 famamque,
345 1996 633 2034 infirmissimum
661 1996 836 2034 adversus
863 1995 976 2034 fortes
1006 1996 1102 2034 viros
1134 1998 1264 2044 telum,

100 2051 335 2089 contemnite.
410 2050 614 2088 Temeritas
650 2056 716 2096 est,
746 2062 855 2099 quam
883 2049 1003 2087 adhuc
1031 2062 1098 2099 pro
1125 2051 1265 2090 virtute

101 2104 288 2150 timuistis,
307 2117 401 2153 quae
415 2104 479 2142 ubi
496 2104 654 2154 primum
672 2103 853 2154 impetum
870 2103 1011 2149 effudit,
1033 2104 1136 2142 velut
1151 2118 1263 2155 quae-

103 2157 189 2195 dam
216 2157 387 2195 animalia
408 2157 539 2195 amisso
556 2158 695 2203 aculeo,
715 2161 850 2206 torpet.
888 2156 943 2194 Hi
961 2169 1049 2195 vero
1069 2160 1188 2208 campi
1199 2159 1263 2197 de-

100 2211 327 2260 prehendere
345 2212 577 2260 paucitatem,
597 2223 709 2261 quam
729 2210 880 2248 Ciliciae
898 2216 1043 2249 montes
1062 2212 1264 2250 absconde-

101 2269 214 2303 rant:
244 2265 378 2302 videtis
406 2264 553 2302 ordines
591 2277 704 2311 raros,
743 2277 881 2302 cornua
908 2269 1071 2310 extenta,
1105 2266 1267 2304 mediam

100 2318 216 2356 aciem
243 2331 375 2356 vanam
402 2322 441 2356 et
468 2318 712 2364 exhaustam3
740 2331 826 2356 nam
857 2317 990 2364 ultimi,
1011 2331 1103 2368 quos
1128 2319 1265 2357 locavit

102 2384 259 2420 averSOS,
289 2377 396 2424 terga
416 2371 494 2422 jam
521 2371 711 2422 praebent.
768 2371 900 2411 Obteri
927 2371 1136 2412 mehercule
1155 2386 1266 2422 equo-
