1496 2671
146 262 194 295 52
481 258 753 298 CORNELII
781 260 1027 300 NEPOTIS
1075 283 1078 285 Δ

144 367 325 403 civilibus
344 367 527 404 fiuctibus
547 369 814 413 committeret,
836 369 936 416 quod
965 382 1041 405 non
1069 369 1192 418 magis
1212 382 1276 407 eos
1295 369 1337 406 in

147 422 217 456 sua
250 427 440 469 potestate
479 421 728 459 existimabat
765 435 859 467 esse,
891 423 960 470 qui
987 435 1027 459 se
1055 422 1103 460 iis
1131 423 1340 468 dedissent,

145 487 255 521 quam
277 474 343 522 qui
364 474 570 511 maritimis
582 474 837 523 jactarentur.
897 476 1074 513 Honores
1101 489 1180 513 non
1208 477 1334 526 petiit,

144 540 264 574 quum
283 528 317 564 ei
338 533 529 576 paterent,
550 536 707 577 propter
726 529 789 570 vel
817 529 981 578 gratiam
1001 529 1065 566 vel
1083 530 1338 578 dignitatem;

143 581 247 629 quod
276 593 398 629 neque
427 581 505 629 peti
534 595 639 619 more
667 581 868 631 majorum,
901 595 1027 631 neque
1054 583 1140 632 capi
1168 591 1335 632 possent,

144 635 381 672 conservatis
400 635 565 683 legibus,
578 637 618 672 in
638 642 717 673 tam
733 636 865 673 effusis
877 637 1044 673 ambitus
1053 636 1337 685 largitionibus,

143 701 269 737 neque
288 689 448 726 retineri
469 690 552 726 sine
565 690 748 738 periculo,
763 690 956 739 corruptis
969 690 1140 727 civitatis
1154 691 1340 728 moribus.

144 743 211 778 Ad
236 743 386 779 hastam
414 743 607 792 publicam
637 756 835 792 nunquam
864 744 1039 780 accessit.
1095 743 1254 781 Nullius
1281 744 1338 782 rei

145 809 269 845 neque
303 809 425 845 praes,
460 809 585 845 neque
619 810 798 846 manceps
831 797 957 834 factus
990 803 1059 834 est.
1130 796 1339 836 Neminem

143 862 269 899 neque
300 862 368 886 suo
397 851 567 895 nomine,
595 863 720 899 neque
749 851 995 888 subscribens
1023 851 1233 888 accusavit.
1290 851 1338 888 In

137 903 204 951 jus
233 904 280 940 de
309 901 379 940 sua
408 916 447 940 re
478 916 677 952 nunquam
705 904 775 941 iit:
797 904 992 952 judicium
1021 905 1170 942 nullum
1190 905 1337 942 habuit.

144 957 359 994 Multorum
373 957 586 1002 consulum,
601 964 900 1007 praetorumque
911 958 1175 1007 praefecturas
1194 958 1342 996 delatas

142 1011 198 1048 sic
229 1011 390 1058 accepit,
432 1017 475 1047 ut
515 1012 709 1048 neminem
737 1012 777 1048 in
808 1012 1050 1060 provinciam
1078 1012 1130 1049 sit
1158 1018 1342 1056 secutus;

144 1065 290 1101 honore
310 1064 429 1102 fuerit
449 1071 664 1110 contentus,
686 1066 743 1102 rei
764 1065 966 1103 familiaris
995 1066 1216 1114 despexerit
1235 1065 1340 1104 sruc-

142 1125 225 1155 tum
241 1132 249 1155 :
278 1118 346 1167 qui
365 1131 415 1155 ne
434 1131 521 1156 cum
546 1117 693 1164 Quinto
713 1119 868 1167 quidem
890 1119 1078 1157 Cicerone
1097 1119 1266 1157 voluerit
1282 1120 1342 1158 ire

141 1173 182 1207 in
200 1172 348 1216 Asiam,
363 1185 484 1220 quum
504 1173 607 1220 apud
626 1185 713 1209 eum
727 1173 846 1222 legati
861 1173 984 1210 locum
1002 1173 1178 1210 obtinere
1196 1179 1340 1222 posset.

142 1225 233 1263 Non
271 1226 374 1262 enim
412 1224 548 1263 decere
585 1238 625 1263 se
662 1226 933 1270 arbitrabatur,
964 1239 1082 1275 quum
1120 1233 1339 1274 praeturam

139 1292 274 1329 gerere
302 1279 500 1325 noluisset,
527 1280 710 1317 asseclam
738 1292 822 1317 esse
849 1281 1050 1329 praetoris.
1110 1279 1198 1326 Qua
1224 1281 1265 1318 in
1295 1294 1340 1319 re

142 1346 219 1370 non
240 1333 363 1370 solum
383 1334 567 1381 dignitati
588 1334 792 1378 serviebat,
815 1334 881 1371 sed
910 1334 1026 1371 etiam
1052 1335 1341 1383 tranquillitati,

142 1400 262 1436 quum
283 1387 522 1435 suspiciones
537 1399 689 1435 quoque
702 1387 844 1425 vitaret
857 1388 1085 1425 criminum:
1114 1401 1191 1436 quo
1209 1389 1340 1434 fiebat,

142 1447 186 1477 ut
205 1440 322 1489 hujus
341 1441 589 1477 observantia
616 1441 795 1478 omnibus
823 1448 923 1478 esset
951 1441 1087 1487 carior,
1107 1454 1228 1490 quum
1256 1454 1341 1479 eam

143 1494 280 1539 officio,
302 1507 379 1530 non
399 1495 529 1531 timori
550 1507 676 1543 neque
695 1496 788 1544 spei,
811 1495 932 1532 tribui
952 1495 1142 1533 viderent.

145 1690 244 1728 CAP.
267 1690 364 1728 VII.
406 1690 569 1736 Atticus,
587 1689 684 1726 bello
703 1689 954 1735 Caesariano,
976 1701 1097 1739 neque
1118 1689 1341 1740 Pompeium

466 1743 638 1794 offendit,
661 1756 782 1792 neque
803 1742 1018 1780 Caesarem.

198 1821 363 1858 Iseum
397 1820 674 1858 Caesarianum
703 1820 818 1857 civile
846 1819 1001 1861 bellum,
1033 1832 1152 1867 quum
1183 1820 1343 1857 haberet

146 1888 266 1913 annos
286 1875 442 1913 circiter
465 1874 682 1922 sexaginta.
744 1873 847 1911 Usus
875 1880 933 1910 est
961 1874 1098 1910 aetatis
1127 1873 1341 1919 vacatione,

145 1942 271 1977 neque
291 1942 330 1965 se
359 1940 553 1977 quoquam
582 1927 704 1964 movit
733 1940 783 1964 ex
813 1928 919 1963 urbe.
979 1925 1088 1972 Quae
1108 1927 1242 1963 amicis
1262 1927 1343 1965 suis

146 1995 243 2032 opus
262 1983 419 2019 fuerant
447 1982 495 2018 ad
515 1981 742 2030 Pompeium
771 1980 1117 2030 proficiscentibus,
1138 1980 1268 2017 omnia
1292 1993 1343 2018 ex

146 2035 217 2075 sua
237 2048 279 2072 re
299 2035 481 2072 familiari
503 2035 622 2071 dedit.
679 2034 814 2083 Ipsum
835 2034 1064 2081 Pompeium
1092 2033 1343 2082 conjunctum

146 2104 225 2128 non
244 2089 426 2126 offendit:
457 2088 607 2125 nullum
625 2088 728 2124 enim
749 2089 796 2124 ab
817 2100 860 2125 eo
880 2088 1046 2124 habebat
1061 2094 1342 2134 ornamentum,

148 2151 192 2182 ut
212 2143 342 2186 ceteri,
364 2142 430 2190 qui
452 2154 519 2190 per
539 2154 626 2178 eum
646 2142 713 2178 'aut
732 2142 907 2186 honores,
929 2147 996 2177 aut
1024 2141 1182 2178 divitias
1210 2154 1344 2190 ceper-

145 2203 257 2236 rant:
296 2209 460 2244 quorum
496 2195 638 2244 partim
676 2195 900 2231 invitissimi
937 2200 1063 2232 castra
1089 2201 1179 2231 sunt
1205 2195 1344 2241 secuti,

147 2251 291 2302 partim
310 2247 459 2286 summa
479 2261 566 2285 cum
586 2248 669 2296 ejus
688 2248 899 2285 offensione
927 2248 1030 2284 domi
1058 2254 1342 2286 remanserunt.

149 2304 277 2344 Attici
311 2308 439 2340 autem
470 2303 579 2350 quies
612 2307 814 2350 tantopere
846 2301 1005 2339 Caesari
1035 2301 1111 2339 fuit
1143 2307 1265 2351 grata,
1300 2308 1344 2339 ut

148 2360 286 2403 victor,
306 2369 425 2405 quum
448 2355 609 2405 privatis
628 2355 811 2404 pecunias
831 2367 900 2404 per
920 2355 1102 2403 epistolas
1120 2355 1340 2404 imperaret,

148 2413 239 2450 huic
258 2424 336 2448 non
357 2410 479 2447 solum
508 2409 691 2446 molestus
719 2421 795 2445 non
824 2409 954 2454 fuerit,
976 2409 1044 2446 sed
1063 2409 1179 2446 etiam
1199 2408 1343 2446 sororis

149 2467 273 2504 filium
293 2470 332 2502 et
353 2463 400 2510 Q.
423 2463 650 2501 Ciceronem
669 2475 720 2500 ex
739 2462 916 2512 Pompeii
935 2463 1072 2500 castris
1099 2462 1344 2501 concesserit.

155 2520 219 2559 Sic
239 2525 372 2557 vetere
390 2517 572 2555 instituto
591 2516 706 2564 vitae,
725 2516 862 2568 effugit
881 2529 982 2554 nova
1000 2515 1183 2566 pericula.
