1496 2671
290 182 364 220 DE
393 180 574 219 BELLO
606 179 856 218 GALLIGO
886 179 990 216 LIB.
1021 179 1105 216 ΙΙΙ.
1248 180 1299 216 4ῧ

99 298 250 329 trorum
268 294 465 331 venerant,
489 287 658 336 undique
677 287 962 325 circumventos
988 285 1240 331 interficiunt,
1260 290 1299 322 et

99 358 153 382 ex
173 343 369 381 hominum.
390 342 559 379 millibus
579 340 744 389 amplius
764 341 936 389 triginta,
959 354 1073 389 quem
1096 351 1300 376 numerum

101 399 353 435 barbarorum
384 396 431 432 ad
463 401 589 432 castra
622 394 775 431 venisse
809 395 1020 440 constabat,
1060 394 1147 442 plus
1184 389 1300 429 tertia

101 456 211 500 parte
224 446 440 493 interfecta,
457 449 625 497 reliquos
637 447 863 496 perterritos
876 447 915 483 in
929 447 1059 496 fugam
1073 446 1298 495 conjiciunt,

99 517 144 541 ac
163 516 211 540 ne
229 503 270 539 in
289 502 383 539 locis
402 502 557 550 quidem
575 501 841 550 superioribus
861 501 1070 537 consistere
1085 501 1297 548 patiuntur.

101 556 169 595 Sic
188 556 359 593 omnium
380 556 548 592 hostium
567 555 688 604 copiis
707 553 804 591 fusis
825 554 1018 601 armisque
1038 554 1178 598 exutis,
1199 565 1240 590 se
1258 553 1299 589 in

97 616 226 647 castra
242 610 550 658 munitionesque
563 619 652 645 suas
667 607 875 656 recipiunt.
933 606 1021 652 Quo
1037 607 1169 655 proelio
1184 606 1297 652 facto,

96 664 203 711 quod
222 663 360 711 saepius
379 662 573 699 fortunam
592 667 743 698 tentare
763 659 891 698 Galba
910 661 1064 697 nolebat
1090 666 1205 708 atque
1224 660 1299 697 alio

99 729 184 754 sese
204 717 245 752 in
264 716 427 753 hiberna
447 716 606 753 consilio
627 715 778 752 venisse
797 714 1036 759 meminerat,
1059 713 1144 750 aliis
1165 726 1299 750 occur-

101 770 197 807 risse
226 771 342 807 rebus
376 769 537 813 viderat,
573 768 742 806 maxime
770 767 956 804 frumenti
985 766 1300 815 commeatusque

97 824 233 872 inopia
251 829 459 872 permotus,
480 828 633 871 postero
652 822 717 859 die
735 822 912 858 omnibus
927 820 1010 868 ejus
1032 820 1106 857 vici
1126 820 1299 857 aedificiis

99 877 283 923 incensis,
298 877 339 913 in
359 876 597 926 provinciam
612 875 756 912 reverti
771 874 984 912 contendit:
1015 886 1058 911 ac
1071 874 1178 910 nullo
1191 874 1300 910 hoste

101 931 339 979 prohibente,
361 937 428 967 aut
450 930 524 967 iter
543 930 776 974 demorante,
798 928 1028 965 incolumem
1048 927 1240 976 legionem
1259 927 1301 964 in

102 984 334 1027 Nantuates,
348 983 438 1020 inde
453 984 493 1019 in
511 983 744 1031 Allobrogas
759 981 943 1031 perduxit
956 981 1088 1030 ibique
1101 980 1299 1018 hiemavit.

157 1036 254 1074 VII.
285 1037 361 1074 His
398 1037 512 1074 rebus
549 1036 680 1085 gestis,
718 1048 838 1084 quum
875 1035 1054 1072 omnibus
1090 1034 1138 1071 <le
1175 1034 1302 1071 causis

103 1090 235 1128 Caesar
262 1096 436 1140 pacatam
466 1088 636 1127 Galliam
664 1089 916 1134 existimaret,
946 1088 1136 1136 superatis
1156 1085 1300 1136 Belgis,

100 1144 277 1191 expulsis
298 1142 515 1188 Germanis,
535 1143 650 1180 victis
665 1142 707 1178 in
727 1142 895 1190 Alpibus
917 1141 1095 1183 Sedunis‚
1116 1147 1232 1189 atque
1247 1142 1303 1178 ita

102 1195 200 1235 inita
236 1197 362 1234 hieme
398 1197 439 1232 in
476 1196 679 1245 Illyricum
717 1195 912 1244 profectus
948 1201 1062 1241 esset,
1096 1195 1199 1243 quod
1238 1207 1302 1232 eas

101 1263 256 1299 quoqne
275 1250 450 1287 nationes
475 1250 582 1287 adire
610 1255 648 1286 et
676 1249 853 1298 regiones
880 1261 1111 1298 cognoscere
1134 1248 1300 1293 volebat,

101 1305 274 1341 subitum
293 1304 437 1341 bellum
455 1303 495 1339 in
517 1300 648 1340 Gallia
667 1309 840 1340 coortum
860 1309 931 1340 est.
987 1301 1086 1350 Ejus
1107 1302 1198 1338 belli
1217 1301 1301 1338 hoec

104 1357 180 1394 fuit
198 1370 323 1395 causa.
379 1357 424 1393 P.
447 1355 611 1394 Crassus
629 1356 850 1394 adolescens
869 1368 957 1393 cum
971 1355 1123 1404 legione
1138 1355 1302 1403 septima

104 1411 306 1460 proximus
336 1423 441 1447 mare
475 1409 674 1448 Oceanum
703 1410 744 1446 in
780 1409 958 1446 Andibus
989 1409 1191 1445 hiemarat.
1247 1408 1300 1454 Is,

103 1465 208 1513 quod
219 1465 262 1501 in
279 1464 339 1501 his
357 1463 451 1500 locis
469 1464 602 1513 inopia
620 1463 805 1500 frumenti
833 1469 926 1508 erat,
949 1461 1149 1510 praefectos
1176 1462 1302 1499 tribu-

106 1530 252 1566 nosque
280 1518 446 1554 militum
475 1517 692 1566 complures
725 1517 767 1553 in
796 1517 981 1553 finitimas
1010 1516 1188 1553 civitates
1220 1515 1302 1552 fru-

107 1571 228 1608 menti
263 1572 574 1619 commeatusque
611 1571 768 1619 petendi
799 1567 915 1607 causa
952 1569 1114 1606 dimisit:
1153 1582 1229 1618 quo
1261 1570 1303 1605 in

106 1637 268 1662 numero
298 1631 380 1661 erat
412 1624 458 1661 T.
496 1624 752 1668 Terrasidius,
787 1624 926 1660 missus
963 1623 1004 1659 in
1035 1622 1210 1667 Unellos,
1244 1622 1303 1659 M.

109 1679 276 1715 Trebius
296 1677 434 1715 Gallus
462 1678 503 1714 in
533 1677 798 1722 Curiosolitas‚
831 1675 878 1723 Q.
913 1676 1103 1715 Velanius
1130 1689 1220 1713 cum
1254 1676 1301 1713 T.

110 1732 207 1770 Silio
226 1732 267 1768 in
288 1732 471 1768 Venetos.

161 1785 282 1822 VHI.
315 1785 445 1833 Hujus
465 1784 636 1822 civitatis
655 1790 712 1822 est
740 1784 854 1833 longe
882 1783 1118 1832 amplissima
1137 1782 1304 1820 auctori-

107 1846 167 1876 tas
186 1839 309 1876 omnis
328 1851 404 1875 orae
424 1839 624 1876 maritimae
643 1838 845 1887 regionum
859 1850 1001 1882 earum,
1016 1838 1117 1884 quod
1134 1844 1172 1873 et
1188 1849 1306 1873 naves

108 1893 252 1929 habent.
265 1892 408 1929 Veneti
427 1893 625 1941 plurimas,
642 1892 782 1940 quibus
797 1891 839 1927 in
854 1891 1100 1928 Britanniam
1121 1891 1307 1938 navigare

109 1952 354 1991 consuerunt,
375 1952 414 1983 et
433 1943 593 1983 scientia
613 1953 728 1994 atque
749 1957 820 1981 usu
841 1945 1084 1981 nauticarum
1103 1956 1233 1980 rerum
1246 1956 1305 1980 re-

110 1999 236 2048 liquos
269 2000 511 2045 antecedunt,
547 2006 585 2036 et
614 1999 655 2035 in
686 2011 826 2047 magno
858 1999 1006 2046 impetu
1042 1997 1158 2034 maris
1192 2003 1307 2045 atque

110 2058 255 2102 aperto,
289 2053 421 2101 paucis
453 2053 629 2102 portibus
658 2052 886 2100 interjectis,
922 2063 1018 2100 quos
1051 2057 1184 2088 tenent
1217 2051 1305 2099 ipsi,

111 2118 243 2144 onmes
261 2105 353 2150 sere,
374 2108 441 2155 qui
459 2118 504 2143 eo
531 2106 628 2142 mari
658 2106 716 2142 uti
744 2111 990 2148 consuerunt,
1012 2105 1156 2141 habent
1184 2105 1305 2141 vecti-

109 2159 230 2208 gales.
287 2158 351 2196 Ab
362 2159 410 2196 iis
429 2159 503 2196 fuit
521 2160 676 2196 initium
689 2159 883 2196 retinendi
901 2159 987 2196 silii
1003 2164 1117 2207 atque
1135 2158 1305 2203 Velanii,

110 2213 214 2260 quod
242 2224 311 2261 per
339 2225 402 2249 eos
430 2225 518 2249 suos
546 2225 586 2250 se
614 2213 776 2256 obsides,
803 2225 899 2260 quos
930 2211 1070 2249 Crasso
1098 2211 1304 2252 dedissent,

113 2271 407 2315 recuperaturos
422 2267 706 2303 existimabant.
746 2266 899 2302 Horum
912 2266 1139 2302 auctoritate
1151 2265 1307 2301 finitimi

109 2320 267 2357 adducti
288 2319 349 2368 (ut
370 2325 459 2356 sunt
480 2317 682 2356 Gallorum
702 2320 830 2357 subita
849 2327 888 2356 et
907 2319 1107 2368 repentina
1127 2319 1304 2367 consilia)

110 2374 245 2410 eadem
273 2374 319 2410 de
348 2374 463 2410 causa
484 2372 670 2410 Trebium
696 2373 1036 2421 Terrasidiumque
1065 2373 1245 2415 retinent,
1267 2380 1306 2407 et

110 2427 288 2464 celeriter
308 2427 434 2463 missis
455 2426 590 2474 legatis
610 2439 678 2475 per
694 2438 782 2463 suos
794 2426 990 2475 principes
1002 2427 1103 2462 inter
1120 2437 1157 2461 se
1171 2424 1303 2472 conju-

701 2491 723 2515 Ε
