1496 2671
260 129 310 169 26
549 125 754 165 LAELIUS
782 125 858 165 DE
884 125 1148 165 AMICITIA.

262 237 440 288 praeditos
458 235 684 273 dilexerunt.
737 234 816 273 Isto
833 235 932 272 enim
946 234 1059 273 modo
1072 234 1236 273 nutrices
1252 238 1293 272 et
1308 234 1437 284 paedw

264 292 354 341 gogi
361 290 448 340 jure
460 289 656 328 vetustatis
669 289 867 338 plurimum
881 288 1152 327 benevolentiae
1166 288 1435 338 postula-bunt&
1486 332 1490 337 ¹

265 346 326 395 qui
336 343 554 394 negligendi
569 343 715 392 quidem
723 355 799 380 non
807 349 906 388 sunt,
922 342 988 379 sed
995 342 1068 380 alio
1078 343 1238 391 quoda'm
1251 342 1362 379 modo
1373 354 1441 380 co-

263 399 377 437 lendi.
433 398 556 436 Aliter
574 396 745 434 amicitiae
765 397 916 435 stabiles
935 408 1152 445 permanere
1169 409 1246 434 non
1265 401 1434 446 possum.

269 453 448 502 Dispares
459 452 558 488 enim
577 463 709 496 mores,
730 450 892 500 disparia
909 449 1034 487 studia
1050 455 1266 499 sequuntur,
1278 461 1437 499 quorum

265 505 528 544 dissimilitudo
556 505 730 542 dissociat
757 504 965 541 amicitias:
994 516 1064 540 nec
1083 504 1132 540 ob
1149 504 1258 541 alia-m
1287 515 1436 541 causam

267 561 379 598 ullam
397 560 487 597 boni
505 559 692 608 improbis,
713 558 874 607 improbi
901 557 1008 594 bonis
1027 557 1135 594 amici
1162 570 1241 595 esse
1258 570 1336 595 non
1353 569 1439 606 pos-

266 620 365 660 sunt,
385 614 458 651 nisi
476 614 574 662 quod
591 618 698 651 tanta
712 617 768 649 est
786 612 884 649 inter
900 623 974 656 eos,
987 616 1127 659 quanta
1146 611 1307 648 maxima
1317 616 1442 661 potest

268 682 357 714 esse,
379 680 524 704 morum
543 667 824 714 studiorumque
849 665 1039 702 distantia.
1095 664 1160 703 75.
1190 665 1312 703 Recte
1329 665 1441 703 etiam

268 722 419 772 praecipi
433 726 556 771 potest
571 721 611 757 in
624 720 806 763 amicitiis,
820 731 869 756 ne
882 718 1131 767 intemperata
1145 718 1315 767 quaedam
1327 719 1441 756 heme-

269 776 444 822 volenffla,
475 775 574 824 quod
599 785 765 823 persaepe
791 773 845 817 fit,
873 772 1052 821 impediat
1078 784 1234 821 magnas
1260 771 1442 810 utilitates

271 830 488 868 amicorum.
542 828 624 864 Nec
652 827 764 872 enim,
793 831 837 864 ut
855 826 903 863 ad
924 825 1083 863 Fabulas
1109 827 1271 870 redeam,
1292 825 1443 876 Trojam

270 884 540 933 Neoptolemus
551 893 682 931 capere
697 881 889 930 potuisset,
899 880 929 917 si
941 880 1205 930 Lycomedem,
1221 879 1322 929 apud
1335 891 1444 927 quem

271 944 350 976 erat
368 937 558 981 educatus,
579 935 706 972 multis
726 946 809 972 eum
830 934 992 971 lacrimis
1017 934 1088 972 iter
1116 947 1224 971 suum
1241 933 1445 983 impedien-

271 1000 359 1036 tem,
381 991 510 1027 audire
527 989 715 1027 voluisset.
774 988 824 1026 Et
843 1000 943 1037 saepe
959 988 1130 1028 incidunt
1149 999 1295 1037 magnae
1313 999 1384 1033 res,
1404 993 1446 1024 ut

272 1044 538 1082 discedendum
560 1044 608 1081 sit
627 1045 674 1080 ab
693 1043 842 1079 amicis:
864 1054 953 1090 quas
968 1042 1030 1091 qui
1043 1042 1224 1091 impedire
1237 1041 1330 1086 vult,
1347 1040 1446 1090 quod

272 1099 495 1136 desiderium
514 1110 591 1134 non
608 1097 716 1134 facile
734 1096 840 1141 ferat,
861 1097 890 1133 is
919 1101 958 1133 et
984 1096 1154 1133 infirmus
1182 1100 1238 1134 est
1256 1095 1447 1144 mollisque

273 1159 418 1198 natura,
440 1158 486 1189 *et
514 1153 562 1188 ob
590 1164 670 1188 eam
697 1151 814 1199 ipsam
851 1163 997 1187 causam
1033 1150 1073 1186 in
1110 1149 1273 1187 amicitia
1316 1160 1447 1198 parum

268 1208 405 1256 justus.
461 1204 524 1244 76.
556 1206 684 1253 Atque
711 1205 747 1240 in
778 1204 879 1240 omni
906 1216 946 1240 re
974 1203 1285 1241 considerandum
1311 1207 1381 1248 est,
1409 1209 1446 1239 et

275 1261 363 1310 quid
381 1259 546 1309 postules
565 1260 612 1296 ab
631 1258 759 1303 amico,
781 1263 819 1295 et
837 1257 924 1306 quid
945 1257 1085 1305 patiare
1102 1270 1125 1294 a
1142 1263 1181 1295 te
1199 1256 1403 1305 impetrari.

328 1313 433 1351 XXI.
464 1311 535 1351 Est
563 1313 674 1350 etiam
712 1311 815 1360 quasi
843 1311 1012 1359 quaedam
1040 1310 1231 1348 calamitas
1258 1310 1299 1346 in
1324 1310 1449 1347 amici-

275 1369 337 1406 tiis
374 1367 607 1405 dimittendis
634 1377 904 1413 nonnunquam
931 1365 1137 1401 neccssaria
1160 1377 1168 1401 ε
1193 1364 1271 1411 jam
1301 1363 1401 1401 enim
1428 1377 1449 1400 a

276 1421 498 1471 sapientium
525 1419 840 1457 familiaritatibus
867 1418 914 1455 ad
942 1418 1114 1467 vulgares
1132 1417 1318 1456 amicitiasv
1331 1418 1450 1455 oratio

276 1480 403 1513 nostra
422 1474 622 1511 delabitur.
677 1473 890 1521 Erumpunt
904 1485 1002 1521 saepe
1016 1472 1107 1510 vitia
1120 1472 1321 1509 amicorum
1336 1483 1449 1520 quum

275 1531 315 1566 in
332 1529 432 1578 ipsos
447 1528 594 1572 amicos,
607 1532 688 1565 tum
707 1527 745 1563 in
761 1527 900 1563 alienos
916 1539 924 1569 ;
946 1539 1101 1575 quorum
1115 1533 1242 1564 tamen
1254 1525 1303 1563 ad
1315 1526 1451 1563 amicos

275 1582 463 1620 redundet
481 1581 644 1618 infamia.
702 1580 940 1627 Talesigitur
955 1580 1126 1617 amicitiae
1139 1585 1226 1618 sunt
1238 1579 1452 1617 remissione

277 1650 363 1674 usus
375 1635 542 1673 eluendae
560 1641 608 1680 et,
618 1641 660 1673 ut
670 1634 849 1672 Catonem
867 1634 991 1671 dicere
1005 1634 1142 1678 audivi,
1151 1633 1362 1671 dissuendae
1374 1644 1452 1670 ma-

276 1692 344 1740 gis,
353 1703 462 1739 quam
477 1689 744 1726 discindendoe.
783 1688 867 1725 Nisi
881 1688 1049 1736 quaedam
1061 1688 1264 1725 admodum
1277 1687 1453 1725 intolera-

278 1745 362 1783 bilis
381 1743 516 1793 injuria
535 1743 727 1787 exarserit,
749 1747 791 1780 ut
809 1754 930 1789 neque
952 1747 1096 1779 rectum
1114 1753 1235 1791 neque
1253 1741 1451 1779 honestum

280 1800 328 1837 sit
341 1810 461 1846 neque
475 1797 556 1834 fieri
569 1797 696 1846 possit,
706 1801 837 1834 utnon
849 1796 975 1833 statim
991 1796 1164 1833 alienatio
1178 1794 1454 1844 disjunctioque

279 1853 448 1890 facienda
467 1852 526 1889 sit.
584 1851 648 1890 77.
670 1850 735 1887 Sin
751 1855 872 1887 autem
889 1863 1034 1887 morum
1052 1854 1117 1887 aut
1131 1849 1339 1887 studiorum
1354 1861 1452 1886 com-

281 1906 439 1944 mutatio
459 1905 640 1953 quaedam,
663 1909 705 1942 ut
723 1904 803 1941 fieri
823 1904 927 1949 solet,
948 1903 1048 1941 facta
1066 1903 1147 1948 erit,
1165 1908 1229 1940 aut
1246 1903 1286 1939 in
1304 1902 1454 1952 reipub-

279 1961 359 1998 licae
378 1960 545 2009 partibus
564 1958 743 1996 dissensio
762 1958 1010 1995 intercesserit
1027 1956 1174 2007 (loquor
1193 1957 1291 1994 enim
1304 1956 1396 2006 jam,
1412 1962 1454 1994 ut

280 2014 406 2064 paullo
424 2019 512 2051 ante
540 2013 629 2058 dixi,
651 2025 728 2050 non
755 2012 803 2049 de
830 2011 1063 2061 sapientium,
1085 2011 1151 2048 sed
1176 2011 1224 2048 de
1250 2010 1454 2048 communi-

281 2069 348 2105 bus
367 2066 554 2118 amicitiis)
576 2067 782 2104 cavendum
801 2066 883 2111 erit,
904 2077 951 2101 ne
969 2077 1045 2102 non
1065 2065 1184 2102 solum
1203 2064 1374 2102 amicitiae
1392 2064 1454 2101 de-

280 2122 422 2171 positae,
444 2121 509 2158 sed
527 2121 730 2158 inimicitiae
751 2119 863 2157 etiam
882 2125 1062 2166 suseeptae
1081 2119 1294 2157 videantur.
1350 2116 1455 2155 Nihil

282 2175 380 2212 enim
416 2174 572 2223 turpius,
602 2187 712 2223 quam
751 2185 833 2210 cum
875 2185 919 2209 eo
957 2172 1095 2209 bellum
1136 2185 1276 2221 gerere,
1305 2172 1457 2222 quicum

281 2228 510 2266 familiariter
536 2229 682 2266 vixeris.
738 2227 800 2264 Ab
828 2226 989 2264 amicitia
1017 2226 1152 2271 Quinti
1179 2226 1347 2275 Pompeii
1370 2237 1462 2262 'meo

284 2281 434 2319 nomine
453 2293 491 2319 se
510 2286 732 2325 removerat,
752 2285 794 2318 ut
813 2280 924 2325 scitis,
947 2280 1092 2330 Scipio:
1113 2285 1267 2330 propter
1284 2278 1456 2317 dissensi-

287 2348 397 2374 onem
415 2340 552 2381 autem,
572 2347 654 2383 quae
674 2340 755 2373 erat
782 2334 821 2370 in
848 2334 1048 2383 republica,
1069 2334 1251 2372 alienatus
1269 2338 1326 2371 est
1343 2345 1368 2370 a
1381 2332 1456 2370 col—

285 2390 370 2439 lega
396 2396 525 2428 nostro
553 2389 717 2428 Metello.
776 2387 989 2436 Utrumque
1005 2388 1095 2437 egit
1102 2388 1278 2437 graviter,
1298 2385 1457 2425 auctori-
