1496 2671
183 103 229 139 18
518 100 791 139 CORNELII
819 100 1061 141 NEPOTIS

180 207 359 257 Apollini
393 207 536 244 donum
572 207 729 245 dedisse.
785 207 868 246 Hos
904 221 1039 247 versus
1077 208 1376 248 Lacedaemonii

182 261 468 310 exculpserunt,
498 273 623 310 neque
653 262 758 299 aliud
787 263 1036 311 scripserunt,
1071 275 1187 312 quam
1215 263 1374 301 nomina

181 328 314 353 earum
333 315 537 352 civitatum
555 327 718 364 quarum
737 316 884 354 auxilio
903 316 1047 355 Persae
1066 322 1177 355 erant
1195 317 1303 355 victi.

185 465 284 503 CAP.
306 465 364 503 II.
394 465 620 503 Pausanias
638 465 878 515 Byzantium
906 467 1031 517 capit5
1058 468 1226 518 captivos
1253 467 1378 517 reyios

695 521 864 557 remittit.

237 583 347 622 POST
366 584 407 621 id
439 584 641 633 proelium,
676 585 841 622 eundem
872 583 1103 622 Pausaniam
1135 597 1224 623 cum
1256 585 1377 623 classe

184 637 379 675 communi
401 637 576 687 Cyprum
595 644 710 686 atque
731 638 1028 687 Hellespontum
1042 638 1242 685 miserunt,
1263 644 1307 676 ut
1325 650 1378 676 ex

183 691 245 728 his
274 691 498 740 regionibus
520 693 774 729 barbarorum
792 692 984 740 praesidia
1002 692 1222 741 depelleret.
1278 691 1374 729 Pari

183 744 370 782 felicitate
388 745 429 781 in
449 742 495 782 ea
513 758 556 783 re
576 757 680 791 usus,
710 745 848 783 elatius
875 757 917 783 se
944 758 1079 794 gerere
1097 745 1234 795 coepit,
1254 744 1376 793 majo-

185 811 324 847 resque
344 804 526 848 appetere
544 811 618 836 res.
674 798 779 836 Nam
791 812 922 848 quum,
935 799 1128 849 Byzantio
1140 805 1375 849 expugnato,

184 853 351 900 cepisset
369 852 586 901 complures
604 852 812 890 Persarum
832 853 991 898 nobiles,
1011 859 1126 901 atque
1144 853 1185 889 in
1204 853 1265 890 his
1280 865 1377 889 non-

184 906 311 942 nullos
329 906 433 954 regis
451 905 700 954 propinquos,
720 906 790 943 hos
805 906 903 943 clam
918 905 1049 943 Xerxi
1063 905 1223 951 remisit,
1246 905 1378 943 simul-

185 972 254 997 ans
274 972 325 997 ex
343 959 513 996 vinculis
531 959 698 1008 publicis
717 958 915 1007 effugisse3
943 965 982 997 et
1009 972 1097 997 cum
1124 960 1186 997 his
1215 958 1378 1009 Gongy-

185 1013 266 1050 lum
302 1011 577 1058 Eretriensem‚
607 1013 675 1061 qui
704 1013 836 1051 literas
863 1013 947 1063 regi
965 1013 1155 1059 redderet,
1176 1013 1217 1050 in
1236 1013 1379 1062 quibus

185 1067 280 1104 haec
316 1066 435 1104 fuisse
473 1067 617 1116 scripta
655 1066 904 1116 Thucydides
942 1066 1149 1104 memoriae
1193 1066 1379 1116 prodidit:

184 1120 424 1161 Pausanias,
453 1120 533 1156 dua:
557 1119 734 1170 Spartae,
764 1132 859 1169 quos
878 1119 1068 1167 Byzantii
1093 1125 1256 1170 ceperat,
1275 1125 1378 1170 post-

186 1185 301 1223 quam
318 1175 560 1224 propinquos
579 1179 663 1210 tuos
677 1175 862 1220 coynovit,
879 1173 949 1210 tibi
960 1175 1110 1210 muneri
1124 1173 1228 1210 misit
1238 1189 1252 1217 ,·
1270 1184 1382 1223 seque

185 1230 309 1264 tecum
329 1225 521 1276 affinitate
539 1227 724 1275 conjungi
740 1228 857 1277 eupit.
911 1226 1054 1273 Quare,
1075 1227 1109 1264 si
1126 1226 1196 1264 tibi
1214 1227 1378 1271 videtur,

186 1282 250 1318 des
265 1281 300 1317 ez·
304 1281 441 1330 filiam
460 1287 564 1317 tuam
588 1287 763 1329 nuptum.
818 1281 872 1317 Id
896 1282 930 1318 si
945 1278 1105 1330 feceris,
1133 1287 1170 1317 et
1192 1279 1381 1330 Spartam

187 1341 223 1371 et
241 1341 404 1371 ceteram
430 1334 637 1371 Graeciam
657 1333 726 1370 sub
746 1340 851 1371 tuam
861 1340 1099 1384 potestatem,
1115 1341 1151 1370 te
1165 1334 1381 1384 adjuvante,

186 1401 225 1424 se
255 1388 504 1424 redacturum
532 1387 749 1438 pollicetur.
806 1388 883 1425 His
913 1389 960 1425 cle
991 1387 1103 1424 rebus
1130 1388 1164 1424 si
1190 1387 1286 1437 quid
1299 1387 1385 1436 yeri

187 1441 364 1487 volueris,
385 1443 531 1478 eertum
550 1440 738 1478 hominem
758 1442 813 1478 acl
829 1454 912 1478 eum
933 1442 1062 1478 mittas
1068 1440 1178 1489 face,
1200 1451 1288 1478 oum
1306 1452 1382 1490 quo

188 1494 446 1544 colloquatur.
500 1495 589 1532 Rex
608 1501 666 1532 tot
685 1496 885 1532 hominum
905 1495 1028 1533 salute
1056 1501 1135 1533 tam
1154 1490 1230 1532 sibi
1249 1506 1381 1532 neces-

188 1549 379 1586 sariorum
407 1561 640 1597 magnopere
668 1549 838 1598 gavisus,
869 1548 1072 1586 confestim
1102 1561 1190 1585 cum
1222 1545 1383 1597 epistola

189 1601 430 1640 Artabazum
449 1603 498 1640 ad
517 1601 746 1640 Pausaniam
766 1602 897 1647 mittit,
918 1602 960 1638 in
979 1600 1056 1650 qua
1071 1614 1157 1639 eum
1175 1601 1382 1645 collaudat,

189 1669 234 1694 ac
253 1657 351 1706 petit
371 1669 418 1692 ue
436 1657 500 1692 cui
518 1656 575 1692 rei
590 1662 736 1706 parcat
753 1656 805 1692 ad
821 1668 867 1692 ea
880 1655 1119 1704 perficienda
1144 1666 1243 1704 quae
1264 1653 1383 1703 polli-

189 1716 307 1747 cetur.
369 1709 574 1758 Sifecerit,
595 1709 742 1746 nullius
769 1710 826 1745 rei
853 1722 878 1745 a
906 1721 946 1746 se
973 1708 1167 1758 repulsam
1195 1707 1382 1744 laturum.

190 1763 334 1812 Hujus,
366 1763 588 1808 Pausanias,
619 1764 820 1800 voluntate
850 1763 1016 1812 cognita,
1052 1762 1214 1799 alacrior
1233 1761 1282 1798 ad
1300 1773 1382 1798 rem

190 1818 398 1867 gerendam
417 1817 553 1862 factus,
574 1817 615 1853 in
636 1817 893 1866 suspicionem
920 1816 1059 1854 cecidit
1087 1815 1383 1853 Lacedaemoni-

191 1884 317 1908 orum.
373 1871 422 1908 In
441 1883 518 1920 quo
537 1870 639 1908 facto
660 1871 813 1909 domum
826 1876 1040 1915 revocatus,
1059 1874 1260 1906 accusatus
1278 1868 1383 1916 capi-

191 1925 252 1968 tis,
274 1924 506 1968 absolvitur3
525 1924 735 1962 mulctatur
749 1930 877 1961 tamen
893 1924 1072 1973 pecunia:
1092 1935 1209 1971 quam
1226 1923 1275 1959 ob
1294 1933 1384 1959 cau-

193 1990 272 2014 sam
292 1978 341 2015 ad
360 1977 519 2016 classem
539 1979 722 2015 remissus
743 1991 819 2015 non
840 1984 909 2015 est.

197 2127 296 2166 CAP.
318 2127 395 2164 ΙΙΙ.
428 2128 653 2165 Pausaniae
665 2128 866 2178 pereyrini
884 2140 1005 2165 mores
1024 2133 1060 2163 et
1077 2140 1211 2164 carcer
1225 2141 1238 2164 .·
1266 2125 1385 2163 Helo-

662 2189 722 2218 tas
739 2181 919 2219 solicitat.

250 2244 315 2282 AT
335 2245 411 2291 ille,
433 2251 518 2294 post
548 2258 624 2282 non
656 2245 789 2290 multo,
825 2247 894 2281 sua
924 2250 1059 2294 sponte
1093 2245 1141 2281 ad
1172 2243 1387 2282 exercitum

198 2300 325 2344 rediit,
356 2305 395 2336 et
422 2300 476 2336 ibi
500 2312 575 2336 non
596 2297 745 2343 callida,
767 2299 833 2335 sed
851 2299 1019 2335 dementi
1039 2299 1198 2343 ratione,
1220 2296 1387 2345 cogitata

199 2353 391 2404 patefecit.
450 2353 538 2391 Non
560 2353 660 2391 enim
683 2365 807 2390 mores
836 2352 980 2404 patrios
1010 2352 1143 2397 solum,
1173 2351 1239 2388 sed
1269 2349 1383 2390 etiam
