1496 2671
202 211 254 246 58
544 208 591 247 C.
621 209 775 248 ‚JULII
806 209 1065 248 CAESARIS

261 315 418 352 XXVI.
452 315 615 354 Crassus
653 318 826 365 equitum
860 317 1059 366 praefectos
1092 317 1324 362 cohortatus,
1360 323 1403 355 ut

205 370 356 417 magnis
387 371 554 418 praemiis
590 370 1011 420 pollicitationibusque
1048 384 1136 408 suos
1172 371 1399 414 excitarent,

203 425 297 470 quid
336 425 419 460 fieri
457 425 563 469 velit,
602 425 784 461 ostendit.
841 425 918 469 Illi,
962 435 1002 461 ut
1043 432 1126 462 erat
1158 426 1399 474 imperatum,

203 477 352 513 eductis
383 484 548 524 quatuor
581 479 815 522 cohortibus,
847 492 932 527 quae
964 479 1143 526 proesidio
1174 480 1310 516 castris
1338 491 1399 515 re-

204 530 317 573 liene,
351 531 495 568 intritae
529 533 576 568 ab
610 532 739 569 labore
760 540 880 576 erant,
903 539 941 569 et
974 533 1145 580 longiore
1164 533 1304 570 itinere
1323 532 1399 569 cir-

207 584 436 629 cumductis,
469 598 516 622 ne
559 598 609 622 ex
647 586 815 622 hostium
849 585 985 622 castris
1023 585 1194 634 conspici
1232 591 1401 634 possent,

202 638 375 673 omniurn
409 639 529 675 oculis
555 640 826 687 mentibusque
846 639 893 676 ad
915 650 1084 687 pugnam
1106 639 1277 684 intentis
1299 639 1398 676 cele-

201 692 298 727 riter
327 691 375 727 ad
405 705 479 734 eas,
515 705 610 741 quas
644 693 826 734 diximus,
858 693 1093 729 munitiones
1121 698 1398 740 pervenerunt;

201 752 318 792 atque
332 746 393 781 his
414 746 592 792 prorutis,
612 747 718 795 prius
733 747 773 781 in
790 747 957 782 hostiurn
975 746 1111 782 eastris
1125 746 1398 791 constiterunt,

199 810 316 845 quam
336 799 449 847 plane
470 801 518 836 ab
538 800 585 836 iis
607 799 729 836 videri
751 806 817 836 aut
837 799 929 848 quid
950 800 1004 836 rei
1027 806 1227 849 gereretur
1255 812 1396 848 cogno-

200 851 255 888 sci
293 860 434 900 posset.
493 853 594 888 Tum
628 865 732 895 vero,
771 853 937 889 clamore
965 854 1013 889 ab
1042 855 1088 890 ea
1116 860 1225 901 parte
1253 853 1396 897 audito,

200 906 321 942 nostri
354 906 627 954 redintegratis
662 906 821 950 viribus,
856 907 959 954 quod
998 906 1223 955 plerumque
1255 907 1297 942 in
1329 918 1398 955 spe

200 959 372 995 victoriae
389 960 561 996 accidere
577 960 788 1004 consuevit,
804 961 931 996 acrius
943 960 1173 1008 impugnare
1185 967 1396 1008 coeperunt.

201 1011 344 1049 Hostes
366 1013 536 1060 undique
555 1013 822 1058 circumventi,
846 1013 1059 1062 desperatis
1075 1014 1253 1050 omnibus
1268 1014 1398 1058 rebus,

198 1078 238 1101 se
260 1079 327 1113 per
347 1067 582 1104 munitiones
601 1066 767 1114 dejicere
786 1074 824 1104 et
838 1067 934 1116 fuga
948 1067 1110 1103 salutem
1127 1075 1257 1115 petere
1268 1067 1397 1104 inten-

198 1119 350 1156 derunt.
411 1120 518 1166 Quos
546 1121 742 1170 equitatus
763 1121 1017 1169 apertissimis
1037 1120 1182 1169 campis
1200 1127 1397 1158 consecta-

198 1179 271 1217 tus,
295 1186 344 1210 ex
375 1174 540 1211 millium
572 1175 855 1223 quinquaginta
889 1187 1061 1218 numero,
1082 1187 1167 1222 quae
1197 1186 1247 1210 ex
1267 1174 1396 1223 Aqui-

197 1225 305 1264 tania
340 1224 624 1277 Cantabrisque
656 1229 883 1265 convenisse
915 1229 1127 1272 constabat,
1161 1227 1228 1264 vix
1257 1225 1396 1276 quarta

196 1287 306 1328 parte
325 1282 471 1326 relicta,
493 1280 616 1318 multa
636 1289 745 1318 nocte
767 1294 806 1318 se
825 1282 865 1318 in
892 1287 1018 1319 castra
1039 1280 1198 1329 recepit.

250 1334 437 1371 XXVII.
472 1335 556 1372 Hac
585 1332 717 1372 audita
742 1332 884 1384 pugna,
907 1347 1045 1383 magna
1060 1347 1148 1382 pars
1169 1333 1393 1382 Aquitaniae

195 1400 278 1425 sese
299 1387 440 1425 Crasso
467 1388 614 1426 dedidit
636 1389 866 1436 obsidesque
886 1388 989 1425 ultro
1009 1389 1130 1424 misit:
1164 1400 1241 1435 quo
1259 1388 1301 1424 in
1321 1400 1393 1424 nu-

196 1454 302 1478 mero
322 1442 481 1478 fuerunt
506 1442 689 1485 Tarbelli,
712 1442 974 1490 Bigerriones‚
997 1441 1190 1484 Preciani‚
1212 1440 1394 1486 Vocates‚

198 1495 418 1539 Tarusates,
441 1495 630 1539 Elusates,
653 1494 822 1539 Garites,
844 1495 980 1538 Ausci,
1005 1494 1210 1538 Garumni,
1234 1493 1394 1532 Sibuza-

193 1554 263 1592 tes,
287 1547 503 1586 Cocosates.
562 1549 705 1586 Paucoe
733 1549 880 1585 ultimae
903 1549 1092 1593 nationes,
1112 1549 1203 1585 anni
1222 1555 1396 1597 tempore

193 1603 357 1645 confisae,
379 1603 481 1651 quod
501 1603 624 1639 hiems
643 1603 813 1647 suberat,
833 1603 906 1640 hoc
925 1602 1053 1639 facere
1073 1602 1346 1651 neglexerunt.

249 1655 460 1692 XXVIII.
490 1656 638 1693 Eodem
669 1655 750 1693 sere
788 1662 961 1704 tempore
993 1656 1134 1700 Caesar,
1168 1655 1240 1692 etsi
1273 1667 1394 1704 prope

195 1716 331 1746 exacta
352 1709 434 1757 jam
455 1716 565 1747 aestas
585 1715 679 1753 erat,
701 1716 840 1753 tamen,
861 1710 965 1758 quod
984 1709 1085 1746 omni
1108 1707 1239 1746 Gallia
1258 1706 1394 1757 pacata

194 1762 342 1799 Morini
379 1763 630 1812 Menapiique
664 1770 901 1811 supererant,
931 1763 998 1811 qui
1030 1764 1072 1799 in
1102 1763 1219 1800 armis
1251 1769 1391 1807 essent,

192 1829 319 1865 neque
339 1817 387 1853 ad
406 1830 494 1854 eum
512 1830 693 1866 umquam
715 1817 862 1865 legatos
882 1817 929 1854 de
949 1829 1042 1865 pace
1061 1816 1267 1861 misissent,
1288 1816 1392 1853 arbi-

192 1875 318 1907 tratus
348 1871 389 1907 id
420 1871 565 1907 bellum
598 1870 775 1908 celeriter
799 1870 934 1908 confici
967 1882 1089 1919 posse,
1112 1882 1156 1907 eo
1176 1869 1392 1906 exercitum

193 1924 373 1960 adduxit:
397 1925 465 1972 qui
492 1924 607 1972 longe
626 1924 703 1961 alia
722 1924 870 1961 ratione
889 1936 933 1961 ac
952 1923 1091 1971 reliqui
1114 1921 1219 1960 Galli
1246 1923 1392 1960 bellum

193 1990 308 2025 agere
327 1978 595 2015 instituerunt.
653 1977 756 2014 Nam
777 1978 880 2025 quod
907 1977 1178 2023 intelligebant
1204 1977 1392 2013 maximas

193 2031 383 2076 nationes,
402 2043 487 2079 quae
509 2032 639 2079 praelio
659 2031 957 2075 contendissent,
972 2030 1101 2078 pulsas
1115 2037 1391 2079 superatasque

192 2097 286 2128 esse,
309 2086 627 2133 continentesque
658 2085 775 2122 silvas
809 2097 852 2122 ac
878 2084 1036 2133 paludes
1059 2084 1266 2130 habebant,
1286 2095 1332 2120 eo
1350 2095 1391 2121 se

191 2150 339 2186 suaque
360 2139 488 2175 omnia
507 2138 764 2175 contulerunt.
822 2138 888 2174 Ad
914 2150 1076 2185 quarum
1100 2137 1253 2174 initium
1274 2137 1390 2174 silva-

192 2203 278 2226 rum
312 2203 431 2238 quum
465 2191 595 2228 Caesar
627 2191 866 2240 pervenisset
885 2197 1087 2239 castraque
1107 2189 1260 2227 munire
1277 2191 1389 2227 insti-

191 2244 341 2288 tuisset,
369 2257 495 2292 neque
524 2245 644 2281 hostis
672 2244 829 2281 interim
858 2245 965 2280 visus
999 2253 1109 2288 esset,
1140 2244 1323 2292 dispersis
1347 2244 1388 2280 in

193 2310 307 2346 opere
317 2299 469 2342 nostris,
491 2298 618 2335 subito
639 2311 687 2334 ex
698 2299 874 2334 omnibus
896 2298 1070 2346 partibus
1086 2297 1193 2334 silvae
1211 2298 1388 2335 evolave-

193 2357 285 2388 runt
305 2358 343 2388 et
362 2351 402 2387 in
423 2357 572 2388 nostros
591 2351 779 2399 impetum
802 2351 991 2388 fecerunt.
1012 2359 1016 2376 s
1049 2351 1184 2388 Nostri
1213 2350 1390 2388 celeriter

191 2417 300 2441 arma
320 2411 504 2453 ceperunt
525 2417 665 2452 eosque
678 2405 717 2441 in
735 2405 852 2442 silvas
872 2405 1112 2453 repulerunt,
1129 2411 1169 2441 et
1181 2403 1387 2452 compluri-

191 2459 265 2494 bus
301 2457 531 2503 interfectis,
567 2458 721 2507 longius
762 2458 1075 2507 impeditioribus
1121 2458 1215 2495 locis
1251 2456 1385 2501 secuti,

192 2524 335 2560 paucos
356 2524 404 2549 ex
426 2512 505 2548 suis
525 2512 836 2561 deperdiderunt.
