1496 2671
623 144 946 183 MlLTIADES.
1359 143 1382 182 7

191 265 281 291 care
300 253 397 290 utile
417 252 688 289 arbitrabatur.
745 252 883 300 Itaque
902 255 941 288 in
962 252 1081 289 aciem
1101 250 1274 300 peditum
1294 262 1383 287 cen-

195 313 289 352 tum,
331 306 504 355 equitum
550 307 681 343 decem
727 306 848 342 millia
884 306 1079 354 produxit,
1119 304 1385 353 proeliumque

193 359 395 397 commisit.
452 359 500 396 In
520 371 596 407 quo
615 364 723 396 tanto
751 359 837 407 plus
866 360 1012 396 virtute
1031 359 1238 395 valuerunt
1259 357 1384 394 Athe-

192 413 356 457 nienses,
379 418 421 449 ut
437 413 706 461 decemplicem
721 425 923 449 numerum
936 413 1105 449 hostium
1120 411 1385 460 profligarent,

191 467 363 515 adeoque
382 472 684 515 perterruerunt,
707 472 750 502 ut
768 466 909 503 Persae
929 478 1005 501 non
1026 470 1161 506 castra,
1180 466 1246 502 sed
1266 476 1385 501 naves

193 525 379 568 peterent.
438 519 525 565 Qua
552 522 683 568 pugna
711 519 809 555 nihil
837 519 961 555 adhue
981 524 1039 555 est
1067 518 1251 561 nobilius3
1279 517 1386 554 nulla

191 573 294 609 enim
314 586 482 622 unquam
503 578 581 610 tam
602 573 744 622 exigua
763 585 898 610 manus
910 578 1037 609 tantas
1056 584 1147 621 opes
1161 571 1383 620 prostravit.

272 711 371 750 CAP.
402 712 477 750 VI.
506 711 711 749 Miltiades
730 713 912 749 victoriae
927 712 1144 762 praemium
1160 711 1312 760 accipit.

242 787 377 826 Omns
405 788 600 834 victoriae,
629 801 707 826 non
735 789 902 825 alienum
932 787 1097 832 videtur,
1128 787 1240 834 quale
1268 798 1381 835 prae-

190 842 311 879 mium
326 842 497 879 Miltiadi
518 843 567 879 sit
581 842 784 887 tributum,
799 843 945 886 docere,
962 854 1038 890 quo
1052 841 1203 878 facilius
1219 839 1385 886 intelligi

191 896 325 944 possit,
345 895 505 932 eandem
535 896 706 932 omnium
737 895 939 932 civitatum
973 907 1054 931 esse
1079 899 1268 931 naturam.
1327 893 1386 931 Ut

190 949 324 998 populi
344 949 464 986 nostri
484 949 647 986 honores
665 949 857 997 quondam
886 948 1043 986 fuerunt
1062 948 1141 984 rari
1169 953 1209 985 et
1235 953 1384 990 tenues,

190 1003 240 1039 ob
259 1014 418 1051 eamque
447 1014 599 1039 causam
628 1002 796 1051 gloriosi,
824 1015 927 1038 nunc
959 1007 1089 1038 autem
1117 999 1240 1045 effusi,
1269 1005 1386 1049 atque

189 1055 369 1098 obsoleti;
398 1055 452 1091 sie
479 1055 570 1091 olim
598 1055 701 1104 apud
720 1055 981 1092 Athenienses
1008 1054 1128 1091 fuisse
1156 1054 1384 1102 reperimus.

188 1108 369 1157 Namque
382 1108 471 1145 huic
483 1106 665 1154 Miltiadi,
681 1108 747 1157 qui
764 1108 952 1153 Athenas,
968 1114 1165 1156 totamque
1180 1106 1386 1145 Graeciam

188 1162 382 1206 liberavit,
413 1161 502 1198 talis
539 1162 659 1199 honos
696 1161 866 1198 tributus
903 1167 972 1204 est,
1007 1161 1049 1197 in
1085 1161 1249 1209 portien,
1286 1173 1386 1208 quae

188 1214 343 1252 Poecile
362 1220 533 1259 vocatur,
550 1227 671 1262 quum
689 1226 821 1264 pugna
836 1215 1111 1263 depingeretur
1124 1214 1385 1274 Marathonia,

189 1274 233 1305 ut
251 1268 293 1305 in
312 1268 443 1305 decem
461 1273 617 1317 praetor
620 1280 684 1304 um
703 1280 864 1304 numelo
882 1267 1007 1317 prima
1026 1266 1108 1314 ejus
1123 1267 1252 1312 imago
1267 1279 1386 1315 pone-

188 1327 314 1365 retur3
347 1321 456 1370 isque
484 1322 705 1359 hortaretur
732 1321 885 1366 milites,
915 1320 1182 1369 proeliumque
1209 1320 1384 1357 commit-

188 1380 302 1412 teret.
358 1374 467 1412 Idem
484 1375 550 1411 ille
569 1375 743 1424 populus,
765 1381 1012 1423 posteaquam
1027 1372 1151 1421 majus
1179 1373 1384 1422 imperium

189 1434 247 1465 est
275 1434 424 1473 nactus,
450 1434 488 1465 et
515 1428 721 1477 largitione
752 1428 1050 1476 magistratuum
1082 1433 1287 1477 corruptus
1313 1433 1382 1472 est,

189 1487 381 1519 trecentas
401 1487 545 1519 statuas
566 1481 765 1519 Demetrio
784 1482 973 1519 Phalereo
993 1481 1180 1518 decrevit.

188 1619 292 1658 CAP.
311 1620 410 1657 VII.
440 1620 649 1666 Miltiades,
671 1620 772 1657 Pari
795 1622 1081 1670 oppuqnatione
1108 1619 1258 1666 omissa,
1278 1621 1383 1657 dam-

503 1680 630 1720 natus,
650 1675 692 1711 in
713 1674 876 1711 vinculis
895 1675 1069 1711 moritur.

241 1747 345 1786 POST
383 1749 455 1786 hoc
491 1749 693 1798 proelium,
733 1750 892 1787 classem
933 1750 1177 1798 septuaginta
1223 1748 1382 1785 navium

187 1801 449 1839 Athenienses
476 1803 602 1840 eidem
629 1802 800 1840 Miltiadi
828 1803 1027 1847 dederunt,
1049 1809 1093 1840 ut
1120 1803 1265 1839 insulas
1284 1815 1382 1851 quae

187 1856 370 1892 barbaros
389 1855 635 1903 adjuverant,
655 1856 755 1893 bello
783 1863 1095 1905 persequeretur3
1124 1868 1200 1904 quo
1219 1856 1382 1904 imperio

188 1908 389 1957 plerasque
409 1910 456 1945 ad
476 1909 643 1946 officium
662 1910 788 1947 redire
808 1910 944 1958 coegit,
959 1909 1162 1947 nonnullas
1176 1909 1215 1945 vi
1230 1922 1380 1958 expugr-

189 1962 312 1999 navit:
350 1975 401 1999 ex
433 1963 493 1999 his
526 1963 671 1999 Parum
705 1963 871 2000 insulam
903 1963 1041 2012 opibus
1077 1963 1228 2008 elatam,
1260 1976 1381 2011 quum

188 2015 360 2053 oratione
405 2016 654 2054 reconciliare
700 2029 776 2053 non
824 2024 961 2064 posset,
1000 2017 1128 2065 copias
1162 2029 1182 2053 e
1214 2017 1380 2053 navibus

186 2068 334 2112 eduxit,
373 2071 508 2106 urbem
544 2070 724 2118 operibus
762 2070 910 2113 clausit,
948 2071 1128 2119 omnique
1165 2077 1380 2107 commeatu

188 2121 375 2169 privavit;
403 2123 540 2160 deinde
562 2123 682 2160 vineis
702 2135 746 2160 ac
765 2123 1025 2160 testudinibus
1044 2124 1275 2165 constitutis,
1290 2136 1380 2171 prou

187 2174 274 2222 pius
293 2187 421 2212 muros
440 2176 613 2213 accessit.
671 2175 801 2223 Quum
823 2176 907 2224 jam
934 2177 975 2213 in
995 2189 1039 2213 eo
1059 2183 1158 2214 esset
1180 2185 1221 2213 ut
1239 2177 1379 2225 oppido

188 2227 390 2276 potiretur,
411 2230 543 2277 procul
562 2230 602 2266 in
622 2231 836 2266 continenti
856 2231 977 2275 lucus,
999 2231 1064 2278 qui
1086 2243 1135 2267 ex
1150 2231 1277 2267 insula
1289 2242 1378 2266 eonv-

185 2281 430 2328 spiciebatur‚
447 2283 574 2318 nescio
594 2296 669 2331 quo
689 2296 790 2328 casu,
807 2292 995 2320 nocturno
1011 2291 1182 2331 tempore
1199 2284 1378 2319 incensus

187 2340 260 2370 est:
291 2333 402 2382 cujus
421 2335 573 2372 flamma
601 2343 643 2372 ut
672 2338 719 2373 ab
752 2337 954 2385 oppidanis
980 2344 1019 2374 et
1048 2337 1379 2385 oppugnatoribus

184 2394 243 2426 est
265 2387 356 2434 visa,
379 2389 551 2439 utrisque
571 2390 677 2426 venit
696 2390 736 2426 in
755 2391 986 2439 opinionem,
1008 2391 1160 2439 signum
1182 2403 1202 2427 a
1223 2390 1377 2429 classia-
