1496 2671
247 157 296 194 54
554 154 746 201 QUINTI
774 154 958 192 CURT'II
986 153 1118 193 RUFI

228 308 231 311 η
253 264 410 313 caligine
429 274 538 310 quam
565 263 687 300 fumus
714 263 895 300 effuderat
922 264 1143 301 obscurante
1170 263 1300 309 lucem3
1329 263 1422 301 insi-

252 319 397 355 diarum
424 322 526 354 metu
553 316 741 360 substitit3
771 316 917 362 deinde,
951 322 992 355 ut
1028 317 1277 367 speculatores
1311 319 1419 367 prae*-

254 371 353 409 missi
385 375 468 408 tuta
501 370 624 407 omnia
678 371 960 416 nunciaverunt,
993 383 1130 420 paucos
1166 371 1333 421 equitum
1369 371 1417 408 ad

254 424 474 462 tentandum
511 424 646 461 vadum
684 423 845 461 fluminis
882 425 1081 473 praemisit,
1119 424 1223 474 eujus
1258 424 1421 471 altitudo

255 478 371 527 primo
402 490 544 515 summa
570 490 749 527 equorum
787 483 950 527 pectora,
988 490 1086 523 mox,
1119 483 1160 516 ut
1186 480 1225 516 in
1253 479 1418 516 medium*

252 533 395 569 alveum
423 535 574 569 ventum
602 537 670 576 est,
708 532 868 568 cervices
895 543 1042 581 quoque
1070 533 1262 580 aequabat.
1335 533 1419 570 Nec

251 599 337 623 sane
352 585 444 623 alius
463 585 510 622 ad
530 585 695 623 Orientis
723 585 870 634 plagam
897 592 974 623 tam
1008 585 1192 624 violentus
1218 586 1417 631 invehitur,

250 640 450 677 multorum
468 639 688 676 torrentium
719 651 794 675 non
814 651 926 686 aquas
944 639 1075 683 solum,
1105 639 1170 676 sed
1189 641 1299 678 etiam
1329 653 1416 678 saxa
1441 669 1445 674 .

249 706 372 730 secum
401 693 576 731 trahens:
606 693 732 742 itaque
764 706 785 729 a
813 692 1000 730 celeritate
1036 704 1110 742 qua
1145 693 1275 731 defluit
1313 694 1419 743 Tigri

248 760 384 785 nomen
402 753 458 784 est
477 747 649 792 inditum,
670 748 757 796 quia
778 746 925 784 Persica
938 746 1066 795 lingua
1090 746 1230 798 Tiyrim
1242 748 1415 797 sagittam

249 801 450 850 appellant.

300 854 502 891 XXXVII.
534 854 656 902 Igitur
683 854 807 903 pedes,
828 854 930 892 velut
950 853 1086 891 divisus
1109 855 1146 891 in
1167 867 1316 901 cornua,
1346 856 1416 893 cir-

248 909 422 946 cumdato
441 908 619 955 equitatu,
641 908 771 945 levatis
786 916 895 957 super
913 908 1034 957 capita
1052 909 1174 954 armis,
1190 909 1289 946 haud
1308 921 1419 959 aegre

248 962 433 1011 adipsum
461 962 606 998 alveum
637 967 819 1011 penetrat.
879 961 1026 999 Primus
1052 962 1150 1000 inter
1179 963 1322 1012 pedites
1349 975 1416 1000 rex

249 1028 416 1064 egressus
435 1016 473 1051 in
494 1016 623 1064 ripam,
653 1016 789 1052 vadum
819 1016 998 1053 militibus
1024 1028 1148 1061 manu,
1169 1016 1320 1066 quando
1345 1029 1418 1053 vox-

252 1070 417 1106 exaudiri
436 1081 510 1106 non
532 1074 689 1118 poterat,
711 1070 899 1107 ostendit:
930 1069 994 1106 sed
1014 1069 1172 1118 gradum
1189 1070 1419 1108 firmarevix

250 1129 432 1172 poterant,
455 1135 565 1172 quum
587 1124 698 1160 modo
727 1136 814 1160 saxa
841 1123 984 1160 lubrica
1011 1123 1207 1172 vestigium
1235 1123 1421 1169 fizllerent,

249 1177 358 1214 modo
377 1177 540 1228 rapidior
559 1177 659 1214 unda
678 1177 915 1214 subduceret.
973 1176 1198 1226 Praecipuus
1217 1183 1296 1215 erat
1312 1177 1418 1215 labor

249 1244 374 1267 eorum
403 1231 466 1279 qui
504 1231 665 1268 humeris
705 1244 817 1268 onera
856 1231 1087 1280 portabant:
1129 1231 1265 1280 quippe
1304 1243 1418 1281 quum

248 1285 462 1333 semetipsos
482 1297 610 1334 regere
629 1297 704 1322 non
733 1289 895 1333 possent,
923 1284 962 1320 in
991 1284 1138 1333 rapidos
1164 1284 1333 1333 gurgites
1360 1285 1423 1322 in·-

248 1338 440 1375 oeommodo
469 1351 580 1375 onere
607 1338 893 1382 auferebantur3
939 1342 988 1384 et,
1031 1338 1121 1374 dum
1161 1351 1228 1375 sua
1263 1338 1421 1388 quisque

248 1393 362 1440 spolia
401 1392 574 1439 consequi
615 1392 754 1437 studet,
783 1392 900 1441 major
942 1392 1038 1428 inter
1069 1391 1169 1440 ipsos
1196 1403 1306 1441 quam
1334 1405 1419 1429 cum

247 1458 354 1482 amne
382 1451 463 1483 orta
496 1445 652 1484 luctatio
685 1453 765 1490 θεῖς
794 1445 1004 1494 cumulique
1032 1445 1256 1482 sarcinarum
1285 1445 1420 1495 passim

245 1499 431 1536 fluit-antes
450 1499 644 1548 plerosque
663 1499 909 1549 perculerant.
967 1498 1051 1535 Rex
1079 1511 1240 1544 monere,
1260 1504 1304 1538 ut
1332 1500 1421 1537 satis

246 1554 424 1590 haberent
462 1566 562 1590 arma
600 1554 784 1596 rctinere3
825 1559 947 1591 cetera
974 1564 1012 1589 se
1039 1553 1287 1590 redditurum.
1345 1553 1421 1591 Sed

246 1619 363 1654 neque
401 1607 596 1644 consilium
635 1619 753 1655 neque
780 1607 973 1656 imperium
1002 1606 1116 1655 accipi
1145 1612 1324 1655 poterat:
1353 1607 1420 1644 ob-

244 1661 431 1709 strepebat
459 1661 544 1698 hinc
571 1667 702 1707 metus,
732 1661 819 1698 hinc
845 1661 1003 1697 invicem
1031 1661 1243 1698 vocantium
1271 1666 1426 1699 mutuus

245 1715 391 1751 damon
450 1715 629 1759 Tandem,
651 1728 724 1764 qua
751 1715 891 1752 leniore
917 1718 1040 1763 tractu
1067 1714 1186 1751 amnis
1211 1714 1332 1764 aperit
1357 1726 1422 1751 va-

246 1769 346 1813 dum,
375 1781 567 1813 emersere,
597 1781 665 1805 nec
694 1769 893 1817 quidquam
921 1772 1066 1817 praeter
1093 1779 1228 1816 paucas
1257 1767 1420 1805 sarcinas

245 1821 493 1859 desideratum
519 1828 586 1860 est.

298 1875 520 1913 XXXVIII.
568 1876 695 1914 Deleri
733 1876 857 1925 potuit
897 1875 1093 1919 exercitus,
1134 1874 1163 1912 si
1201 1875 1281 1923 quis
1308 1887 1419 1913 ausus

245 1935 340 1967 esset
359 1929 533 1967 vincere:
565 1931 629 1967 sed
657 1935 837 1980 perpetua
863 1929 1014 1967 fortuna
1040 1929 1138 1977 regis
1167 1929 1302 1966 avertit
1329 1929 1418 1966 inde

245 1984 397 2020 hostem.
455 1983 515 2020 Sic
548 1984 749 2021 Granicum
777 1989 834 2022 tot
854 1982 1013 2020 mililbus
1044 1982 1212 2032 equitum
1230 1983 1416 2032 peditum-

247 2049 315 2085 que
334 2037 372 2072 in
401 2037 578 2075 ulteriore
605 2038 789 2076 stantibus
817 2039 897 2087 ripa
924 2037 1140 2086 superavit:
1170 2036 1222 2073 sic
1250 2038 1416 2086 angustis

243 2090 281 2126 in
302 2090 452 2127 Ciliciae
470 2091 624 2129 callibus
643 2097 785 2130 tantam
805 2090 1080 2129 multitudinem
1106 2089 1282 2128 hostium.
1337 2092 1418 2128 Au-

243 2143 370 2180 ·laciae
389 2157 546 2193 quoque,
569 2158 641 2194 qua
669 2145 827 2182 maxime
855 2145 984 2194 viguit,
1013 2144 1108 2182 ratio
1134 2144 1252 2181 minui
1279 2149 1414 2194 potest,

245 2197 328 2245 quia
355 2209 543 2246 nunquam
579 2200 616 2235 in
647 2199 844 2236 discrimen
872 2199 985 2243 venit,
1015 2211 1062 2235 an
1089 2203 1229 2236 temere
1255 2198 1416 2236 fecisset.

245 2250 426 2295 Mazaeus,
456 2252 530 2300 qui,
571 2253 600 2289 si
639 2253 915 2290 transeuntibus
955 2253 1092 2289 flumen
1131 2252 1414 2301 supervenisset,

243 2304 341 2341 haud
369 2305 482 2342 dubie
509 2318 749 2355 oppressurus
776 2306 845 2344 fuit
872 2306 1146 2356 incompositos,
1176 2307 1215 2343 in
1242 2306 1323 2355 ripa
1348 2305 1413 2342 de—

245 2371 353 2403 mum,
383 2364 422 2396 et
457 2358 533 2408 jam
576 2364 812 2409 perarmatos,
855 2361 1070 2410 adequitare
1110 2360 1246 2410 coepit.
1310 2358 1415 2396 Mille

245 2412 441 2450 admodum
462 2413 602 2461 equites
629 2415 879 2464 praemiserat,
910 2427 1064 2463 quorum
1094 2414 1279 2463 paucitate
1299 2412 1412 2451 Alex-
