1496 2671
248 158 296 195 64
540 154 733 201 QUINTI
763 154 951 192 CURTII
979 153 1111 192 RUFI

243 266 438 302 Persarum
454 263 598 312 imperii
611 263 699 300 deos
714 262 856 300 debitas
868 275 889 299 a
906 263 1124 300 vecordibus
1142 274 1278 312 poenas
1298 275 1306 300 ε
1323 263 1406 301 Nec

240 320 360 367 ipsum
379 318 511 354 ducem
530 317 712 354 saniorem
732 329 810 353 esse
830 329 839 360 ;
870 315 1005 365 quippe
1023 317 1100 355 ritu
1116 316 1278 353 ferarum
1296 329 1404 365 prae-

242 373 327 409 dam
354 371 477 416 modo,
507 383 617 420 quam
644 374 846 420 expeteret,
876 369 1098 418 intuentem,
1123 370 1164 407 in
1194 369 1407 419 perniciem,

242 438 334 474 quae
346 428 434 463 ante
451 424 622 474 praedam
638 424 758 474 posita
776 427 882 469 esset,
902 423 1101 462 incurrere.
1157 423 1292 461 Similis
1305 424 1404 473 apud

241 479 466 516 Macedones
484 489 630 528 quoque
648 477 858 516 sollicitudo
877 481 976 515 erat:
997 481 1228 526 noctemque,
1243 477 1348 515 velut
1365 477 1405 513 in

244 545 323 569 eam
351 532 551 570 certamine
579 531 712 577 edicto,
740 535 844 569 metu
871 535 1042 579 egerunt.
1096 529 1313 568 Alexander
1329 543 1406 568 non

241 587 330 623 alias
349 585 467 635 magis
485 585 649 630 territus,
693 584 741 622 ad
755 589 844 623 vota
862 588 900 622 et
918 596 1046 634 preces
1059 582 1323 623 Aristandrum
1342 597 1406 621 vo-

240 640 314 677 cari
336 640 455 689 jubet.
512 639 581 676 Ille
607 639 648 675 in
666 638 826 676 eandida
843 645 956 684 veste,
976 638 1156 675 verbenas
1172 650 1283 675 manu
1297 650 1404 687 prae-

242 694 373 739 ferens,
394 693 515 743 capite
533 693 654 730 velato
673 692 842 741 praeibat
859 703 987 740 preces
1004 691 1096 741 regi,
1115 691 1141 729 J
1143 704 1246 728 ovem
1267 692 1406 728 Miner-

242 760 324 785 vam
342 747 626 795 Victoriamque
653 745 882 795 propitianti.
938 743 1047 783 Tunc
1065 745 1213 793 quidem
1231 745 1409 783 sacrificio

245 802 315 839 rite
329 805 553 851 perpetrato,
573 799 754 848 reliquum
781 798 900 836 noctis
920 798 1161 848 adquieturus
1178 798 1218 835 in
1236 794 1408 836 taberna-

243 856 366 892 culum
378 855 500 892 rediit.
553 853 627 891 Sed
639 866 708 890 nec
727 865 898 890 somnum
916 865 1046 902 capere
1063 864 1133 890 nec
1150 852 1312 901 quietem
1329 853 1408 902 pati

243 913 402 957 poterat.
457 907 573 944 Modo
591 919 611 944 e
624 906 720 955 jugo
739 907 876 944 montis
894 906 1010 944 aciem
1027 905 1068 943 in
1086 906 1258 943 dextrum
1277 906 1407 943 Persa-

242 975 323 998 rum
350 974 466 999 cornu
494 960 690 998 demittere
718 960 895 1009 agitabat,
924 959 1036 997 modo
1053 964 1156 997 recta
1172 959 1295 997 fronte
1321 971 1410 997 con-

244 1027 350 1052 curre
367 1015 489 1052 hosti:
518 1014 708 1052 interdum
735 1013 930 1060 haesitare,
967 1026 1015 1051 an
1041 1013 1166 1063 potius
1192 1013 1233 1050 in
1263 1013 1409 1050 laevum

243 1074 433 1118 torqueret
461 1081 609 1117 agmen.
664 1068 833 1105 Tandem
859 1072 1055 1116 gravatum
1081 1066 1194 1105 animi
1220 1066 1411 1105 anxietate

245 1136 378 1172 corpus
397 1122 507 1160 altior
525 1135 676 1159 somnus
694 1121 888 1171 oppressit.

296 1176 359 1213 LI.
389 1176 549 1225 Jamque
576 1176 659 1212 luce
686 1180 769 1213 orta
795 1175 908 1212 duces
935 1174 983 1211 ad
1011 1173 1227 1223 accipienda
1255 1172 1410 1223 imperia

244 1224 507 1275 convenerant,
536 1229 686 1267 insolito
713 1230 810 1266 circa
826 1228 1052 1278 praetorium
1078 1228 1225 1265 silentio
1244 1227 1409 1265 attoniti.

245 1284 394 1333 Quippe
408 1284 497 1320 alias
510 1295 692 1320 arcessere
709 1283 819 1332 ipsos,
841 1287 879 1320 et
896 1281 1085 1319 interdum
1103 1286 1289 1319 morantes
1301 1281 1410 1318 casti-

244 1350 331 1385 gare
349 1341 582 1375 assueverat:
610 1341 701 1374 tunc
726 1348 774 1373 ne
793 1335 925 1373 ultimo
962 1335 1112 1384 quidem
1138 1347 1263 1371 rerum
1281 1334 1410 1372 discri-

243 1392 340 1428 mine
358 1391 559 1428 excitatum
578 1402 656 1427 esse
682 1389 913 1427 mirabantur
933 1401 942 1432 ;
971 1392 1009 1426 et
1036 1401 1113 1425 non
1131 1399 1260 1425 somno
1287 1387 1409 1437 quies-

244 1457 335 1489 cere,
357 1444 422 1482 sed
449 1456 584 1492 pavore
611 1455 773 1480 marcere
785 1443 1006 1480 ’credebant.
1060 1441 1149 1478 Non
1167 1446 1292 1479 tamen
1311 1441 1410 1490 quis-

245 1511 352 1545 quam
382 1511 402 1535 e
429 1498 644 1535 custodibus
663 1497 826 1546 corporis
843 1496 983 1534 intrare
997 1495 1277 1533 tabernaculum
1295 1494 1410 1532 aude—

247 1553 308 1589 bat
327 1566 335 1588 :
353 1556 390 1589 et
398 1551 477 1600 jam
493 1556 638 1600 tempus
652 1550 816 1588 instabat
834 1563 843 1594 3
860 1562 929 1587 nec
947 1549 1052 1586 miles
1069 1549 1212 1598 injussu
1226 1549 1330 1586 ducis
1344 1553 1410 1586 aut

248 1618 347 1642 arma
365 1618 496 1654 capere
513 1610 671 1654 poterat,
686 1609 751 1642 aut
768 1604 809 1641 in
827 1603 976 1641 ordines
994 1603 1059 1640 ire.
1116 1602 1196 1639 Diu
1214 1601 1409 1640 Parmenio

245 1664 451 1704 cunctatus,
472 1659 593 1696 cibum
609 1663 651 1695 ut
665 1662 849 1707 caperent,
869 1657 947 1707 ipse
961 1656 1196 1706 pronunciat.
1249 1655 1410 1706 Jamque

247 1714 348 1750 exire
375 1725 522 1749 necesse
541 1717 645 1750 erat:
675 1716 766 1749 tunc
785 1711 934 1748 demum
960 1710 1078 1748 intrat
1103 1710 1410 1754 tabernaculum;

247 1767 463 1816 saepiusque
480 1766 630 1803 nomine
649 1765 920 1814 compellatum,
940 1776 1055 1813 quum
1073 1775 1163 1801 voce
1180 1775 1256 1800 non
1274 1767 1410 1812 posset,

244 1825 348 1858 tactu
365 1819 555 1858 excitavit.
610 1822 621 1841 ‘
635 1819 757 1857 Multa
775 1817 866 1864 lux,'
890 1817 1023 1866 inquit,
1051 1819 1062 1840 ‘
1075 1821 1131 1855 est
1150 1830 1160 1861 3
1188 1817 1409 1855 instructam

248 1874 362 1911 aciem
380 1873 496 1912 hostis
510 1873 697 1911 admovit:
718 1876 806 1911 tuus
824 1871 928 1909 miles
948 1871 1070 1909 adhuc
1087 1870 1238 1908 inermis
1259 1882 1408 1920 exspec-

247 1933 302 1965 tat
319 1928 523 1978 imperium.
581 1926 657 1964 Ubi
672 1930 728 1964 est
745 1926 851 1975 vigor
869 1925 932 1962 ille
950 1925 1064 1962 animi
1081 1924 1172 1962 tui?
1199 1936 1333 1973 nempe
1346 1936 1410 1962 ex-

247 1982 360 2020 citare
387 1981 516 2030 vigiles
544 1979 663 2018 soles.'
715 1979 776 2017 Ad
805 1979 894 2016 haec
921 1978 1162 2022 Alexander3
1193 1981 1204 1998 ‘
1220 1977 1411 2023 Credisne,

248 2048 303 2072 me
336 2036 437 2083 prius
474 2047 641 2072 somnum
671 2046 801 2083 capere
827 2032 1002 2082 potuisse,
1030 2044 1139 2080 quam
1166 2043 1405 2069 exonerarem

249 2090 411 2125 animum
439 2088 699 2133 sollicitudine,
737 2099 830 2135 quae
857 2086 1017 2134 quietem
1043 2085 1259 2123 morabatur
1275 2084 1307 2123 ‘3’
1333 2085 1407 2134 sig-

248 2154 409 2189 numque
430 2140 614 2192 [pugnae]
637 2141 727 2179 tuba
745 2141 826 2177 dari
838 2139 963 2189 jussit.
1019 2139 1069 2177 Et
1088 2151 1202 2188 quum
1219 2138 1260 2176 in
1278 2138 1407 2176 eadem

246 2195 487 2232 admiratione
507 2195 704 2232 Parmenio
722 2198 973 2243 perseveraret
995 2192 1116 2245 [quod
1135 2204 1287 2229 securus
1306 2204 1404 2230 som-

242 2261 328 2285 num
356 2249 511 2297 cepisset
526 2246 556 2298 3]
598 2251 607 2268 ⁶
623 2246 801 2293 Minime,’
828 2247 963 2295 inquit,
1003 2251 1012 2267 ‘
1025 2246 1160 2283 mirum
1196 2250 1266 2284 est.
1321 2245 1405 2293 Ego

244 2303 352 2347 enim,
373 2314 486 2351 quum
515 2301 652 2338 Darius
679 2306 796 2339 terras
825 2307 961 2346 ureret,
989 2300 1088 2338 vicos
1115 2299 1312 2345 excideret,
1338 2297 1406 2335 ali-

247 2362 371 2394 menta
399 2359 660 2405 corrumperet,
689 2359 820 2405 potens
847 2354 919 2391 mei
944 2366 1022 2391 non
1040 2366 1164 2392 eram:
1193 2364 1293 2393 nunc
1318 2363 1409 2388 vero

247 2409 336 2459 quid
361 2414 533 2456 metuam,
562 2420 675 2457 quum
703 2408 780 2447 acie
807 2408 1005 2446 decernere
1031 2411 1138 2458 paret
1151 2406 1171 2446 ζ)
1241 2404 1406 2443 Hercule
