1496 2671
177 169 230 204 42
515 168 787 208 CORNELII
816 170 1063 209 NEPOTIS

178 277 353 314 exercitu
386 283 477 314 ante
507 289 606 321 eum,
637 283 788 326 praeter
815 277 1026 315 Herculem
1059 276 1237 324 Graium,
1265 283 1374 316 tran-

177 330 307 376 sierat,
327 330 421 380 (quo
450 331 554 368 facto
580 333 615 368 is
644 332 757 369 hodie
785 331 906 368 saltus
936 330 1081 369 Graius
1109 333 1324 381 appellatur
1343 330 1374 380 ς)

178 383 342 432 Alpicos
379 391 561 422 conantes
591 385 796 434 prohibere
832 385 1041 422 transitum
1075 387 1256 431 concidit,
1290 386 1374 423 loca

179 438 371 486 patefecit,
401 439 543 476 itinera
571 438 724 481 muniit,
754 438 969 487 effecitque,
998 445 1042 476 ut
1071 437 1116 477 ea
1145 440 1374 489 elephantus

179 498 338 530 ornatus
357 493 414 530 ire
439 499 577 541 posset,
599 491 676 542 qua„
704 499 816 529 antea
844 505 945 529 unus
973 492 1087 530 homo
1115 493 1275 531 inermis
1302 494 1372 530 vix

179 551 329 593 poterat
341 559 490 595 repere.
539 547 625 584 Hac
641 546 770 595 copias
782 546 936 583 traduxi
944 553 968 591 t,-
985 546 1027 582 in
1043 546 1273 596 Italiamque
1287 560 1374 598 pern

181 606 300 637 venit.

181 738 283 777 CAP.
304 740 378 778 IV.
419 739 623 777 Hannibal
638 738 744 790 apud
757 738 993 786 Rhodanum,
1009 738 1168 787 Padum,
1191 739 1378 787 Trebiam,

329 793 623 845 lemsymenum
642 796 677 831 et
703 794 868 841 Cannas,
891 793 1078 830 Romanos
1098 794 1236 831 vincit.

235 870 536 908 CONFLIXERAT
573 871 676 919 apud
713 870 946 907 Rhodanum
983 882 1072 907 cum
1108 869 1155 906 P.
1196 869 1378 909 Cornelio

182 923 361 974 Scipione
380 925 548 969 consule,
569 936 734 973 eumque
754 923 968 973 pepulerat.
1025 922 1125 960 Cum
1150 924 1224 961 hoc
1243 925 1377 961 eodem

179 980 226 1016 de
256 978 445 1017 Clastidio
473 979 575 1027 apud
602 978 754 1014 Padurn
782 977 980 1020 decernit3
1016 977 1188 1014 saucium
1216 977 1306 1014 inde
1333 990 1379 1015 ac

179 1033 357 1081 fugatum
387 1032 564 1069 dimittit.
622 1032 770 1077 Tertio,
801 1031 904 1068 idem
940 1031 1084 1080 Scipio,
1112 1043 1200 1068 cum
1231 1031 1381 1080 collega

182 1087 342 1124 Tiberio
375 1086 522 1135 Longo,
557 1086 660 1135 apud
691 1085 875 1123 Trebiam
908 1085 1094 1122 adversus
1126 1097 1215 1122 eum
1253 1085 1378 1128 venit;

180 1154 269 1177 cum
288 1141 349 1178 his
369 1153 525 1177 manum
554 1140 761 1184 conseruit,
783 1144 967 1186 utrosque
990 1138 1226 1187 profligavit.
1282 1138 1380 1175 Inde

181 1207 250 1242 per
286 1194 453 1243 Ligures
491 1194 746 1243 Apenninum
783 1193 949 1236 transiit,
988 1197 1124 1241 petens
1162 1192 1378 1229 Etruriam.

183 1248 269 1286 Hoc
302 1248 442 1286 itinere
473 1248 568 1285 adeo
597 1247 708 1295 gravi
737 1248 871 1284 morbo
899 1246 1065 1283 afficitur
1093 1246 1306 1291 oculorum,
1335 1251 1380 1282 ut

182 1308 315 1351 postea
348 1315 548 1351 nunquam
579 1302 718 1338 dextro
748 1313 870 1349 aeque
908 1301 1004 1337 bene
1037 1311 1130 1337 usus
1169 1299 1234 1336 sit.
1292 1297 1380 1346 Qua.

181 1356 404 1393 valetudine
436 1368 555 1404 quum
592 1355 708 1392 etiam
740 1367 842 1392 nunc
873 1359 1124 1403 premeretur,
1164 1353 1379 1403 lecticaque

182 1410 362 1454 ferretur,
385 1409 433 1447 C.
455 1408 690 1446 Flaminium
714 1408 909 1445 consulem
937 1407 1039 1456 apud
1069 1406 1379 1456 Thrasymenum

182 1477 267 1501 cum
307 1463 481 1501 exercitu
519 1463 671 1499 insidiis
708 1462 1015 1499 circumventum
1053 1460 1220 1498 occidit:
1254 1473 1380 1509 neque

183 1517 305 1554 multo
325 1523 422 1566 post,
444 1516 491 1555 C.
513 1515 748 1554 Centenium
776 1520 1096 1565 pro—praetorem,
1117 1526 1204 1551 cum
1231 1512 1380 1552 delecta

182 1584 301 1608 manu
322 1571 442 1608 saltus
470 1576 733 1619 occupantem.
794 1569 899 1606 Hinc
918 1568 958 1604 in
980 1568 1166 1617 Apuliam
1187 1568 1376 1617 pervenit.

182 1625 244 1662 Ibi
258 1625 411 1662 obviam
425 1625 459 1662 ei
475 1631 666 1661 venerunt
680 1624 755 1660 duo
770 1621 1010 1666 consules,C.
1027 1622 1236 1658 Terentius
1251 1616 1382 1658 Varro

182 1686 221 1715 et
258 1678 304 1715 L.
341 1678 501 1715 Paullus
535 1677 744 1715 Aemilius.
800 1677 1017 1724 Utriusque
1063 1675 1260 1711 exercitus
1305 1686 1384 1711 uno

183 1733 329 1781 proelio
348 1732 518 1781 fugavit3
547 1731 592 1768 L.
610 1731 791 1768 Paullum
805 1729 1002 1767 consulem
1015 1729 1166 1771 occidit,
1184 1734 1222 1765 et
1237 1728 1384 1776 aliquot

182 1793 381 1834 praeterea
399 1786 636 1828 consularem
665 1785 706 1821 in
735 1785 795 1821 his
822 1783 894 1821 Cn.
919 1783 1131 1821 Servilium
1153 1780 1381 1828 Geminum,

181 1841 248 1889 qui
268 1853 368 1878 anno
387 1840 586 1889 superiore
604 1839 731 1876 fuerat
751 1838 895 1876 consul.

182 1980 285 2018 CAP.
315 1981 367 2018 V.
426 1979 629 2017 Hannibal
660 1977 780 2015 Fabio
812 1976 920 2014 verba
952 1975 1041 2019 dat,·
1070 1973 1231 2026 Rufum,
1266 1974 1384 2012 Grac-

506 2033 628 2079 chum,
646 2029 880 2070 ,Marcellum
899 2031 1065 2080 superat.

236 2111 331 2148 HAG
362 2112 494 2159 pugna
524 2107 708 2159 pugnata,
750 2109 914 2145 Romam
952 2106 1148 2155 profectus
1177 2111 1248 2152 est,
1273 2106 1384 2143 nullo

180 2165 400 2202 resistente:
429 2164 470 2200 in
499 2163 728 2212 propinquis
761 2162 869 2198 urbis
898 2161 1095 2198 montibus
1114 2167 1287 2198 moratus
1307 2166 1379 2198 est.

184 2218 314 2265 Quum
337 2218 483 2266 aliquot
501 2218 557 2254 ibi
576 2218 658 2254 dies
678 2221 805 2253 castra
832 2215 1041 2259 habuisset,
1063 2220 1101 2251 et
1121 2218 1382 2251 reverteretur

182 2273 366 2322 Capuam,
404 2270 454 2317 Q.
481 2271 629 2308 Fabius
663 2269 874 2314 Maximus,
904 2269 1070 2306 dictator
1103 2268 1312 2312 Romanus,
1341 2268 1382 2303 in

183 2339 278 2376 agro
310 2326 476 2363 Falerno
510 2325 545 2362 ei
583 2337 623 2361 se
663 2323 817 2371 objecit.
876 2323 993 2367 Hinc,
1027 2321 1180 2359 clausus
1211 2322 1382 2358 locorum

182 2380 384 2430 angustiis,
417 2384 547 2423 noctu,
587 2378 670 2414 sine
708 2377 786 2414 ullo
825 2376 1057 2414 detrimento
1095 2374 1301 2419 exercitus,
1341 2385 1383 2411 se

183 2433 396 2486 expedivit.
456 2432 592 2479 Fabio,
609 2431 855 2469 callidissimo
876 2429 1110 2483 imperatori,
1125 2428 1231 2470 dedit
1246 2428 1382 2471 verba3
