1496 2671
367 132 475 161 cmo
505 131 644 160 MAJOR
668 131 722 158 m:
752 129 1011 159 sensorum.
1230 121 1271 156 tl

97 231 161 269 tia.
218 232 314 278 Quae
331 231 396 268 nisi
414 234 535 267 essent
553 229 589 265 in
605 228 763 275 senibus,
785 240 858 265 non
878 240 1065 266 summum
1085 226 1278 264 consilium

100 285 258 334 majores
286 284 392 321 nostri
424 282 667 333 appellassent
685 281 874 321 Senatum.
930 282 996 319 20.
1026 280 1141 331 Apud
1161 280 1278 318 Lace-

99 337 295 376 daemonios
310 336 457 387 quidem
475 336 579 384 ii,qui
593 335 860 384 amplissimum
877 337 1124 384 magistratum
1140 340 1278 383 gerunt,

100 398 139 428 ut
156 398 251 436 sunt,
269 391 322 428 sic
341 391 450 427 etiam
471 389 705 426 nominantur
724 401 844 426 senes.
902 389 1012 436 Quod
1032 390 1060 426 si
1082 389 1198 436 legere
1217 395 1280 424 aut

101 444 223 482 audire
243 444 368 481 voletis
385 450 550 490 externa,
567 442 752 480 maximas
763 443 987 493 respublicas
1002 443 1048 479 ab
1067 441 1280 479 adolescen-

99 498 194 534 tibus
212 497 422 545 labesactas,
439 510 462 534 a
481 497 627 534 senibus
646 502 862 534 sustentatas
885 495 940 547 [et
958 494 1156 546 restitutas]
1178 506 1282 545 repe-

99 551 205 590 rietiS.

175 615 274 654 Cede),
289 616 343 656 qui
358 619 490 647 vestram
505 615 728 656 rempublicam
741 617 861 646 tantam
877 614 1022 646 amisistis
1033 619 1097 645 tam
1112 615 1177 645 cito
1193 615 1207 645 ’ἒ

101 669 162 708 Sic
179 672 278 708 enim
297 677 593 721 percunctantur,
613 677 652 708 ut
669 677 724 707 est
742 671 778 707 in
799 670 916 709 Naevii
939 669 1058 707 Ludo.
1115 668 1284 720 Respon-

99 723 228 762 dentur
245 731 282 762 et
301 726 384 772 alia,
399 731 434 762 et
453 724 533 763 haec
550 726 586 761 in
607 725 732 774 primis
748 736 757 761 :

267 791 492 823 Proveniebant
507 794 645 822 oratores
661 791 742 831 novi,
760 790 858 830 stulti,
874 787 1108 821 adolescentuli.

99 846 302 884 Temeritas
329 853 384 884 est
411 846 579 884 videlicet
606 846 766 884 florentis
786 847 912 892 aetatis,
941 845 1133 896 prudentia
1161 857 1285 882 senes-

98 901 226 937 centis.
290 899 343 937 At
373 901 546 938 memoria
578 901 759 938 minuitur.
818 899 951 946 Credo,
979 899 1048 936 nisi
1063 911 1147 936 earn
1177 911 1285 936 exer-

101 965 200 999 ceas,
219 960 283 990 aut
301 955 328 991 si
350 955 397 991 sis
416 955 547 991 natura
565 953 709 990 tardior.

159 1006 251 1044 VH.
281 1008 344 1045 21.
376 1006 641 1045 Themistocles
667 1008 831 1044 omnium
861 1007 997 1044 civium
1027 1007 1177 1043 nomina
1205 1018 1286 1055 per-

101 1067 262 1111 ceperat.
319 1060 420 1099 Num
441 1061 544 1109 igitur
562 1062 729 1103 censetis,
750 1073 852 1106 eum,
871 1073 985 1109 quum
1016 1066 1121 1097 aetate
1142 1071 1288 1109 proces-

104 1115 219 1160 sisset,
241 1115 300 1164 qui
323 1114 501 1151 Aristides
529 1121 635 1160 esset,
652 1112 914 1163 Lysimachum
937 1115 1092 1151 salutare
1112 1113 1256 1150 solitum
1274 1114 1288 1150 ’ἓ

107 1167 287 1217 Equidem
310 1180 382 1204 non
400 1167 507 1204 modo
526 1179 590 1204 eos
612 1169 709 1214 novi,
729 1168 787 1216 qui
817 1174 914 1214 sunt,
934 1167 997 1204 sed
1022 1179 1149 1204 eorum
1169 1173 1290 1217 patres

107 1221 216 1258 etiam
236 1227 271 1259 et
290 1233 391 1259 avos.
447 1220 543 1267 Nee,
564 1222 731 1270 sepulcra
752 1222 885 1270 legens,
901 1233 1040 1267 vereor,
1061 1220 1155 1271 quod
1175 1221 1290 1268 aiunt,

110 1286 156 1311 ne
171 1275 387 1312 memoriam
406 1274 555 1323 perdam
579 1287 588 1311 z
618 1273 673 1311 his
699 1274 797 1311 enim
826 1275 912 1323 ipsis
939 1274 1099 1323 legendis
1127 1274 1234 1311 redeo
1253 1276 1289 1311 in

110 1329 324 1365 memoriam
360 1335 596 1367 mortuorum.
667 1327 750 1365 Nec
786 1340 873 1365 vero
915 1340 1120 1377 quenquam
1160 1340 1291 1364 senum

113 1381 234 1419 audivi
255 1382 418 1427 oblitum,
448 1394 519 1430 quo
547 1383 628 1419 loco
655 1380 863 1419 thesaurum
893 1382 1083 1419 obruisset.
1141 1381 1290 1426 Omnia,

114 1448 195 1484 quae
225 1441 363 1481 curant,
400 1436 672 1472 meminerunt:
715 1435 925 1472 vadimonia
967 1436 1186 1472 constituta:
1231 1436 1291 1484 qui

110 1490 189 1534 sibi,
210 1489 339 1539 quibus
367 1489 434 1538 ipsi
454 1488 623 1526 debeant.
678 1487 745 1525 22.
775 1488 873 1534 Quid
890 1486 1135 1536 jurisconsulti
1156 1489 1176 1526 ἶ)
1207 1488 1292 1537 quid

113 1544 305 1592 pontifices
323 1542 342 1581 ἱ)
372 1542 454 1592 quid
472 1554 624 1591 augures
638 1543 658 1580 ἶ)
686 1541 772 1592 quid
790 1541 993 1592 philosophi
1024 1554 1128 1579 senes
1144 1542 1163 1580 ἵ)
1183 1555 1294 1592 quam

115 1597 226 1634 multa
265 1596 533 1634 meminerunt!
608 1596 764 1634 Manent
802 1596 945 1644 ingenia
985 1596 1143 1642 senibus,
1185 1595 1295 1633 modo

114 1655 326 1700 permaneat
345 1649 502 1687 studium
520 1655 557 1687 et
575 1649 777 1687 industria:
808 1661 876 1686 nec
904 1661 948 1687 ea
977 1650 1094 1687 solum
1124 1650 1159 1685 in
1189 1650 1295 1686 claris

116 1711 152 1740 et
188 1702 370 1741 honoratis
398 1704 496 1750 viris,
529 1703 592 1740 sed
621 1704 653 1739 in
684 1704 759 1741 vita„
786 1704 894 1740 etiam
925 1703 1066 1752 privata
1092 1709 1128 1740 et
1157 1703 1294 1753 quieta.

121 1757 321 1807 Sophocles
340 1757 386 1794 ad
404 1769 589 1794 summam
611 1763 835 1794 senectutem
850 1756 1038 1805 tragoedias
1056 1755 1152 1793 fecit.
1186 1756 1296 1803 Quod

117 1817 261 1861 propter
279 1811 439 1849 studium
463 1824 578 1861 quum
608 1822 684 1848 rem
714 1810 928 1847 familiarem
959 1810 1133 1859 negligere
1156 1810 1297 1847 videre-

120 1872 188 1910 tur,
216 1877 237 1901 a
265 1865 348 1902 filiis
375 1866 410 1901 in
437 1864 618 1914 judicium
637 1870 790 1901 vocatus
817 1870 883 1910 est,
902 1872 952 1910 ut,
983 1863 1296 1913 quemadmodum

122 1928 241 1955 nostro
270 1931 369 1956 more
399 1918 494 1956 male
514 1930 588 1955 rem
611 1918 813 1966 gerentibus
830 1918 992 1967 patribus
1012 1917 1115 1953 bonis
1134 1917 1297 1955 interdici

125 1973 226 2018 solet,
246 1972 298 2008 sic
316 1973 428 2018 illum,
450 1973 552 2022 quasi
582 1971 832 2021 desipientem,
852 1984 871 2007 a
893 1983 929 2008 re
948 1970 1114 2008 familiari
1135 1984 1299 2009 remove-

124 2032 202 2062 rent
216 2024 370 2073 judices.
427 2026 524 2063 Tum
552 2037 668 2062 senex
687 2025 815 2062 dicitur
833 2037 917 2062 eam
937 2023 1111 2071 fabulam,
1132 2038 1244 2074 quam
1264 2025 1301 2061 in

125 2079 295 2116 manibus
321 2078 479 2116 habebat
504 2085 542 2116 et
568 2080 732 2128 proxime
761 2079 960 2127 scripserat,
983 2077 1161 2128 OEdipum
1191 2078 1301 2116 Colo-

125 2144 236 2169 neum
256 2132 425 2170 recitasse
442 2131 636 2181 judicibus,
659 2133 917 2183 quaesisseque,
936 2145 1024 2170 num
1041 2133 1138 2170 illud
1158 2145 1303 2171 carmen

126 2187 335 2237 desipientis
361 2187 556 2225 videretur.
625 2187 713 2232 Quo
740 2187 900 2232 recitato,
928 2186 1112 2223 sententiis
1136 2185 1301 2235 judicum

129 2245 183 2276 est
209 2239 390 2276 liberatus.
463 2239 529 2276 23.
558 2237 659 2277 Num
690 2240 791 2288 igitur
819 2239 933 2287 hunc,
962 2252 1053 2276 num
1082 2238 1301 2285 Homerum,

130 2305 218 2329 num
251 2292 466 2340 Hesiodum,
505 2306 595 2330 num
640 2293 877 2340 Simonidem,
916 2305 1005 2331 num
1042 2292 1303 2339 Stesichorum,

132 2358 234 2391 num,
253 2359 343 2395 quos
362 2353 445 2383 ante
464 2347 552 2390 dixi,
581 2345 793 2394 Isocratem,
814 2346 998 2395 Gorgiam,
1028 2359 1117 2383 num
1145 2346 1303 2396 philoso-

133 2399 289 2449 phorum
319 2400 514 2451 principes,
543 2399 798 2450 Pythagoram,
817 2399 1082 2446 Democritum,
1102 2413 1191 2437 num
1221 2399 1304 2436 Pla-
