1496 2671
418 111 516 140 cuo
535 109 666 138 MAJoR
682 109 735 137 DE
754 109 990 138 smmum.
1245 97 1294 137 19

116 209 212 247 fiunt
229 208 349 246 indies
367 207 526 245 mitiora.
582 206 716 255 Neque
731 206 830 243 enim
849 205 1012 255 ipsorum
1033 204 1287 242 conviviorum

116 262 400 301 delectationem
427 259 684 309 voluptatibus
714 260 877 308 corporis
905 258 1034 307 magis,
1063 271 1175 308 quam
1193 266 1290 296 coetu

116 315 316 353 amicorum
335 318 372 351 et
391 313 622 350 sermonibus
642 312 833 350 metiebar.
893 313 995 349 Bene
1013 313 1111 349 enim
1131 311 1289 361 majores

115 369 233 407 nostri
250 368 505 405 accubitionem
531 366 715 416 epularem
732 368 942 411 amicorum,
968 366 1056 414 quia
1083 366 1168 404 vitae
1198 379 1287 403 con-

108 421 344 470 junctionem
359 420 524 465 haberet,
534 421 733 457 convivium
747 421 984 456 nominarunt
996 432 1009 462 ;
1028 420 1169 466 melius,
1179 433 1291 469 quam

117 474 250 520 Graeci,
271 473 335 523 qui
353 473 424 510 hoc
443 473 541 510 idem
569 484 649 511 tum
676 473 982 524 compotationem‚
1004 478 1084 510 turn
1102 486 1290 512 com-›cena-

113 529 244 567 tionem
261 531 399 565 vocant
415 540 423 564 :
454 531 508 570 ut,
536 526 636 575 quod
656 526 696 563 in
723 539 767 564 eo
785 538 923 575 genere
941 525 1135 564 minimum
1153 534 1221 574 est,
1251 527 1290 564 id

114 580 274 618 maxime
292 581 450 630 probare
469 580 681 618 videantur.

167 633 276 671 XIV.
305 633 369 671 46.
400 634 486 682 Ego
513 646 601 671 vero
620 637 772 683 propter
791 633 971 670 sermonis
999 633 1287 672 delectationem

111 687 342 737 tempestivis
369 699 516 736 quoque
543 687 721 724 conviviis
740 687 916 732 delector,
938 699 1007 724 nec
1034 699 1119 723 eum
1139 689 1289 736 aequali-

111 741 180 778 bus
199 740 331 786 solum,
353 740 416 789 qui
435 741 542 791 pauci
572 741 775 778 admodum
793 744 948 785 restant,
970 740 1035 778 sed
1062 753 1147 778 cum
1167 748 1289 779 vestra

108 794 221 832 etiam
229 799 340 833 aetate
359 799 470 843 atque
485 794 676 832 vobiscum
691 807 699 831 :
717 794 909 842 habeoque
923 794 1106 831 senectuti
1114 807 1288 844 magnam

107 848 281 896 gratiam,
302 859 384 897 quae
400 848 490 884 mihi
508 848 687 885 sermonis
706 847 924 885 aviditatem
935 847 1051 893 auxit,
1069 849 1233 897 potionis
1249 855 1289 887 et

110 901 184 938 cibi
203 902 366 940 sustulit.
425 901 540 947 Quod
567 902 598 938 si
625 912 733 949 quem
759 901 869 938 etiam
899 900 970 938 ista
1006 901 1197 940 delectant
1220 901 1283 953 (ne

112 955 266 992 omnino
298 955 435 992 bellum
471 955 650 992 indixisse
694 955 822 992 videar
853 954 1050 1003 voluptati,
1089 955 1196 1004 cujus
1232 962 1288 994 est

111 1006 261 1059 [etiam]
281 1008 436 1047 fortasse
450 1009 600 1056 quidam
612 1008 792 1046 naturalis
812 1008 943 1046 modus
959 1007 986 1059 z)
1007 1020 1084 1045 non
1103 1008 1286 1058 intelligo,

109 1073 158 1098 ne
175 1061 215 1098 in
234 1062 314 1100 istis
333 1062 482 1109 quidem
497 1062 754 1111 voluptatibus
773 1062 872 1111 ipsis,
894 1074 1020 1099 carere
1035 1073 1146 1099 sensu
1161 1076 1288 1100 senec-

109 1118 242 1153 tutem.
298 1115 360 1152 Mc
389 1128 477 1152 vero
505 1120 544 1152 et
571 1115 785 1164 magisteria
811 1116 1011 1161 delectant,
1043 1128 1065 1152 a
1083 1115 1286 1165 majoribus

107 1167 284 1206 instituta
304 1181 312 1205 ε
343 1173 381 1206 et
398 1168 430 1205 is
449 1181 581 1213 sermo,
602 1169 663 1217 qui
692 1181 795 1206 more
814 1168 997 1217 majorum
1015 1181 1036 1206 a
1055 1182 1200 1207 summo
1220 1170 1287 1208 ad-

108 1220 258 1259 hibetur
274 1221 313 1257 in
341 1222 507 1270 poculis3
537 1226 576 1260 et
594 1222 742 1272 pocula,
771 1223 866 1260 sieut
884 1223 924 1259 in
944 1222 1131 1272 symposio
1162 1222 1288 1261 Xeno-

106 1274 270 1324 phontis,
291 1275 436 1313 minuta
455 1281 566 1323 atque
585 1276 763 1321 rorantia,
784 1283 822 1313 et
839 1276 1074 1324 refrigeratio
1093 1282 1235 1323 aestate,
1251 1283 1288 1316 et

109 1328 268 1365 vicissim
297 1333 362 1365 aut
389 1329 444 1366 sol
471 1333 536 1366 aut
564 1329 662 1378 ignis
690 1329 880 1367 hibernus.
939 1329 1034 1374 Quae
1068 1331 1219 1377 quidem
1248 1332 1288 1368 in

108 1380 255 1419 Sabinis
283 1382 392 1419 etiam
422 1383 592 1431 persequi
620 1383 731 1428 soleo,
761 1382 1045 1431 conviviumque
1082 1383 1287 1422 vicinorum

110 1435 277 1483 quotidie
296 1436 464 1485 compleo
483 1449 493 1480 ;
523 1436 623 1484 quod
643 1436 691 1473 ad
719 1437 874 1474 multam
894 1448 1004 1485 quam
1023 1438 1184 1474 maxime
1202 1451 1287 1486 pos-

107 1501 245 1534 sumus,
279 1489 382 1526 vario
418 1502 588 1527 sermone
624 1490 877 1539 producimus.
934 1489 999 1528 47.
1028 1491 1082 1529 At
1119 1504 1196 1528 11011
1229 1497 1286 1530 est

106 1542 343 1592 voluptatum
362 1547 468 1581 tanta
495 1543 599 1591 quasi
621 1543 787 1582 titillatio
815 1544 855 1580 in
883 1543 1047 1580 senibus.
1131 1545 1256 1582 Credo
1276 1559 1285 1583 ε

106 1595 172 1632 sed
209 1608 257 1633 ne
293 1595 519 1634 desideratio
556 1597 717 1645 quidem.
777 1597 881 1633 Nihil
912 1601 1039 1634 autem
1072 1598 1283 1644 molestum,

110 1648 210 1696 quod
247 1661 324 1686 non
361 1649 560 1688 desideres.
620 1650 721 1687 Bene
760 1650 973 1700 Sophocles,
1012 1662 1128 1698 quum
1164 1665 1210 1689 ex
1242 1665 1286 1690 eo

108 1702 258 1751 quidam
289 1702 369 1751 jam
392 1703 526 1741 affecto
552 1708 665 1742 aetate
693 1708 890 1756 quaereret,
920 1709 1139 1742 utereturne
1175 1707 1287 1744 rebus

108 1755 297 1794 venereis:
326 1755 400 1794 Dii
417 1758 598 1795 meliora!
626 1758 767 1806 inquit:
798 1759 946 1796 libenter
965 1771 1048 1796 vero
1066 1760 1186 1804 istinc,
1202 1765 1286 1798 tan—

105 1822 215 1858 quam
233 1823 258 1847 α
275 1809 420 1848 domino
434 1812 569 1861 aqresti
586 1825 629 1849 ac
633 1813 793 1862 furioso,
808 1811 974 1862 profuqi.
1015 1811 1171 1861 Cupidis
1186 1813 1286 1850 enim

107 1876 231 1900 rerum
250 1863 381 1901 talium
401 1864 569 1902 odiosum
599 1870 637 1902 et
656 1866 854 1903 molestum
874 1870 930 1903 est
948 1865 1104 1903 fortasse
1131 1879 1256 1904 carere
1275 1880 1284 1904 z

107 1916 248 1954 satiatis
266 1929 354 1955 vero
373 1922 412 1956 et
430 1918 588 1967 expletis
602 1918 806 1967 jucundius
826 1924 882 1956 est
903 1931 1041 1964 carere,
1061 1931 1172 1967 quam
1192 1920 1280 1957 frui.

112 1968 336 2017 Quanquam
363 1983 440 2008 non
457 1977 558 2010 caret
585 1972 624 2018 is,
647 1973 804 2021 quinon
824 1972 1026 2010 desiderat⁴
1083 1973 1187 2022 Ergo
1215 1974 1285 2011 hoc

106 2035 183 2060 non
211 2023 434 2070 desiderare,
466 2025 551 2062 dico
588 2038 667 2063 esse
689 2026 908 2075 jucundius,
938 2037 1049 2073 quam
1077 2026 1161 2064 frui.
1219 2028 1284 2065 48.

109 2076 222 2121 Quod
237 2076 267 2113 si
280 2077 360 2114 istis
369 2078 456 2126 ipsis
467 2078 722 2128 voluptatibus
734 2080 930 2117 bonaaetas
941 2079 1260 2119 fruiturlibentius
1274 2096 1282 2126 ;

106 2130 267 2179 primum
295 2131 457 2179 parvulis
483 2131 620 2170 fruitur
640 2135 762 2179 rebus,
792 2138 834 2171 ut
854 2133 1040 2171 diximus:
1071 2134 1208 2171 deinde
1226 2135 1282 2181 iis,

104 2183 240 2233 quibus
274 2189 457 2229 senectus,
493 2185 524 2222 si
558 2198 634 2223 non
662 2187 812 2225 abunde
839 2187 994 2237 potitur,
1025 2200 1103 2225 non
1130 2189 1283 2226 omnino

104 2241 215 2274 caret.
275 2236 330 2274 Ut
352 2238 542 2287 Turpione
561 2240 735 2278 Ambivio
763 2241 882 2290 magis
910 2240 1132 2286 delectatur,
1151 2242 1214 2289 qui
1241 2243 1281 2279 in

105 2289 223 2339 prima
263 2303 374 2327 cavea
402 2296 574 2340 spectat;
604 2293 814 2333 delectatur
841 2299 968 2333 tamen
996 2296 1120 2340 etiam,
1151 2296 1214 2342 qui
1242 2296 1281 2332 in

103 2343 234 2383 ultima
253 2353 263 2381 ε
295 2344 347 2382 sic
367 2345 617 2384 adolescentia
636 2348 846 2398 voluptates
861 2361 977 2398 prope
996 2349 1147 2387 intuens
1163 2348 1282 2397 magis
