1496 2671
239 106 288 143 12
592 104 887 144 AGRICOLAE
914 106 1062 144 VITA.

236 212 395 249 Didium
415 212 602 249 Veranius
620 213 779 262 excepit,
812 214 918 263 isque
931 214 1033 252 intra
1051 226 1192 251 annum
1211 214 1422 252 exstinctus

235 270 306 304 est.
361 266 565 303 Suetonius
596 266 686 303 hinc
714 266 910 305 Paullinus
949 268 1099 305 biennio
1131 280 1328 317 prosperas
1362 279 1423 305 tes

232 319 376 363 habuit,
397 320 564 357 subactis
581 320 811 365 nationibus,
830 321 1063 370 firmatisque
1081 321 1291 370 praesidiis:
1320 333 1414 369 quo-

231 385 313 409 rum
332 373 471 410 fiducia
498 373 652 410 Monam
678 374 850 419 insulam,
880 382 924 412 ut
951 375 1047 411 vires
1074 375 1275 412 rebellibus
1293 374 1421 412 minis-

230 430 407 471 trantem,
429 427 639 475 adgressus,
661 432 769 476 terga
788 428 974 465 occasioni
994 428 1181 476 patefecit.

285 480 373 517 XV.
400 480 575 528 Namque
603 481 772 519 absentia
798 481 913 529 legati
933 486 1078 518 remoto
1098 486 1214 527 metu,
1245 481 1421 520 Britanni

229 534 374 582 agitare
391 534 492 571 inter
511 547 550 570 se
569 534 667 572 mala
685 535 889 578 servitutis,
919 534 1088 571 conferre
1106 535 1274 584 injurias,
1303 540 1344 573 et
1360 535 1418 572 in—

229 588 474 636 terpretando
492 588 709 625 accendere.
750 592 774 609 ‘⁶
789 588 896 624 Nihil
914 587 1047 636 profici
1065 588 1261 637 patientia,
1281 588 1355 626 nisi
1373 593 1418 625 ut

227 641 413 687 graviora,
452 646 633 690 tanquam
662 655 709 678 ex
736 642 835 678 facili
864 641 1125 687 tolerantibus,
1154 642 1415 690 imperentur:

227 694 396 743 singulos
423 695 494 732 sibi
523 696 612 732 olim
639 707 748 744 reges
775 695 900 740 fuisse,
930 707 1032 732 nunc
1058 695 1168 732 binos
1195 695 1366 744 imponi;
1395 708 1416 732 e

225 749 361 796 quibus
374 749 523 797 legatus
538 749 577 785 in
594 748 827 797 sanguinem,
841 754 1064 798 procurator
1078 749 1118 785 in
1129 749 1230 786 bona
1241 748 1390 786 soeviret
1405 763 1412 785 :

220 802 341 851 AEque
360 802 586 839 discordiam
615 802 918 851 praepositorum,
942 814 1049 851 aeque
1067 801 1306 839 concordiam
1325 802 1413 839 sub·

215 855 328 904 jectis
365 855 587 893 exitiosam:
618 855 773 893 alterius
801 869 946 901 manus,
975 856 1216 894 centuriones
1243 855 1410 900 alterius,

219 908 293 945 vim
323 914 361 946 et
380 909 626 946 contumelias
654 909 834 947 miscere:
864 910 957 946 nihil
970 909 1053 958 jam
1072 909 1287 960 cupiditati,
1315 908 1410 946 nihil

217 962 366 999 libidini
385 973 608 1011 exceptum:
631 962 671 999 in
691 963 820 1012 proelio
839 963 1033 1001 fortiorem
1052 976 1143 1010 esse,
1160 964 1226 1012 qui
1245 962 1381 1012 spoliet
1397 977 1405 998 :

218 1028 318 1053 nunc
356 1017 404 1053 ab
432 1016 580 1064 ignavis
607 1016 828 1065 plerumque
848 1025 887 1055 et
904 1017 1119 1055 imbellibus
1146 1016 1241 1066 eripi
1260 1016 1404 1061 domos,

217 1070 385 1107 abstrahi
404 1070 554 1115 liberos,
575 1070 718 1119 injungi
740 1071 920 1117 delectus,
942 1076 1123 1120 tanquam
1142 1070 1239 1108 mori
1257 1074 1406 1107 tantum

217 1136 283 1172 pro
303 1124 424 1172 patria
443 1124 698 1177 nescientibus
714 1138 722 1161 ε
753 1125 974 1173 quantulum
990 1125 1091 1162 enim
1109 1124 1287 1162 transisse
1305 1122 1407 1160 mili-

216 1178 344 1221 tum,si
360 1190 440 1215 sese
455 1177 632 1215 Britanni
644 1184 845 1216 numerent
860 1178 879 1216 P
899 1179 951 1216 sic
969 1178 1191 1215 Germanias
1206 1176 1409 1214 excussisse

210 1231 344 1279 jugum
363 1244 371 1275 ;
402 1236 441 1268 et
461 1231 628 1277 flumine,
649 1244 726 1269 non
749 1231 914 1277 Oceano,
935 1231 1108 1268 defendi:
1139 1231 1209 1268 sibi
1227 1229 1403 1280 patriam,

214 1285 405 1332 conjuges,
435 1290 640 1334 parentes3
670 1285 744 1321 illis
772 1285 966 1322 avaritiam
995 1290 1034 1322 et
1061 1284 1248 1321 luxuriam
1275 1295 1406 1321 causas

212 1338 300 1375 belli
320 1351 400 1376 esse
421 1351 429 1375 :
459 1350 681 1383 recessuros,
703 1345 746 1375 ut
767 1338 873 1374 divus
891 1338 1018 1375 Julius
1036 1337 1262 1383 recessisset,
1289 1337 1403 1375 modo

211 1392 370 1429 virtutes
406 1391 590 1441 majorum
623 1404 775 1428 suorum
811 1391 1078 1429 aemularentur
1097 1404 1107 1436 ;
1145 1403 1242 1429 neve
1277 1390 1398 1440 proelii

212 1445 320 1482 unius
357 1451 425 1483 aut
452 1445 607 1482 alterius
636 1451 775 1482 eventu
804 1451 1077 1494 pavescerent:
1108 1445 1192 1495 plus
1217 1444 1392 1493 impetus,

210 1499 387 1548 majorem
409 1499 659 1536 constantiam
679 1511 794 1546 penes
813 1499 967 1536 miseros
986 1511 1078 1536 esse.
1133 1497 1396 1536 Jam-Britan—

209 1564 342 1589 norum
371 1553 484 1590 etiam
514 1552 603 1589 deos
631 1552 810 1596 misereri,
841 1553 905 1602 qui
925 1553 1142 1589 Romanum
1169 1552 1308 1591 ducem
1331 1551 1397 1589 ab-

209 1613 364 1651 sentem,
386 1607 450 1654 qui
478 1605 688 1654 relegatum
715 1606 755 1642 in
775 1606 848 1643 alia
866 1606 990 1644 insula
1016 1605 1222 1644 exercitum
1251 1605 1395 1642 detine-

207 1668 292 1697 rent
313 1674 320 1696 :
355 1660 436 1708 jam
455 1660 567 1709 ipsos,
589 1660 690 1708 quod
720 1660 984 1697 difficillimum
1015 1660 1140 1705 fuerit,
1154 1659 1364 1696 deliberare
1388 1673 1397 1695 z

206 1726 318 1762 porro
336 1714 375 1750 in
395 1713 582 1761 ejusmodi
600 1713 765 1751 consiliis
784 1714 1029 1763 periculosius
1047 1725 1136 1751 esse
1147 1711 1392 1763 deprehendi,

205 1780 312 1815 quam
334 1766 510 1804 audere.”

260 1821 367 1858 XVI.
398 1820 470 1857 His
497 1826 609 1870 atque
632 1821 771 1859 talibus
798 1821 958 1859 invicem
978 1821 1159 1866 instincti,
1189 1819 1391 1865 Boadieea,

204 1875 353 1922 generis
370 1875 466 1923 regii
480 1874 629 1920 femina,
646 1876 743 1912 duce
760 1873 896 1924 (neque
915 1875 1016 1912 enim
1028 1887 1156 1913 sexum
1170 1874 1209 1910 in
1225 1873 1390 1922 imperiis

204 1927 441 1978 discernunt)
473 1942 664 1978 sumpsere
691 1929 856 1966 universi
875 1929 1045 1966 bellum:
1075 1940 1119 1966 ac
1145 1939 1294 1976 sparsos
1321 1939 1389 1976 per

203 1982 357 2020 castella
381 1982 518 2020 milites
546 1983 764 2027 consectati,
795 1982 1020 2032 expugnatis
1047 1981 1242 2031 praesidiis,
1261 1980 1380 2029 ipsam

201 2035 385 2072 coloniam
412 2036 594 2083 invasere,
623 2043 667 2075 ut
695 2037 822 2074 sedem
849 2036 1063 2074 servitutis:
1093 2047 1163 2072 nec
1198 2034 1316 2072 ullum
1343 2033 1385 2071 in

201 2089 370 2126 barbaris
388 2086 539 2128 saevitiae
553 2104 673 2140 genus
686 2089 810 2128 omisit
829 2091 885 2127 ira
902 2094 941 2127 et
960 2089 1128 2127 victoria.
1186 2087 1386 2133 Quodnisi

203 2141 411 2188 Paullinus,
427 2145 580 2192 cognito
599 2144 802 2194 provinciae
822 2148 940 2189 motu,
960 2156 1119 2193 propere
1136 2141 1383 2187 subvenisset,

200 2195 335 2233 amissa
354 2197 553 2235 Britannia
564 2199 682 2236 foret:
718 2210 830 2247 quam
842 2197 954 2234 unius
969 2196 1252 2246 proeliifortuna
1262 2194 1383 2232 veteri

199 2250 392 2299 patientiae
413 2251 591 2297 restituit,
611 2252 829 2290 tenentibus
841 2263 944 2288 arma
961 2251 1160 2300 plerisque,
1176 2261 1271 2298 quos
1289 2260 1379 2293 cone

199 2303 356 2341 scientia
373 2303 605 2351 defectionis,
625 2310 664 2342 et
682 2305 836 2355 propius
855 2318 901 2342 ex
919 2305 1046 2353 legato
1064 2305 1178 2343 timor
1196 2302 1379 2351 agitabat.

200 2356 278 2394 Hic
293 2369 380 2395 cum
398 2360 576 2407 egregius
602 2364 740 2406 cetera,
769 2364 989 2408 arroganter
1007 2358 1048 2396 in
1075 2357 1237 2403 deditos,
1256 2362 1310 2402 et,
1337 2359 1382 2391 ut
