1496 2671
449 131 612 170 LIBER
641 130 890 169 TERTIUS.
1231 131 1253 168 9

87 240 284 290 appellant,
322 239 447 276 decem
476 244 514 276 et
540 238 705 287 quinque
732 238 846 275 millia
874 238 1073 274 hominum.
1148 236 1253 274 Haec

89 307 176 332 vero
201 293 321 337 turba,
351 291 580 330 muliebriter
597 292 866 340 propemodum
887 292 997 336 culta,
1017 291 1107 327 luxu
1136 291 1253 339 magis

88 360 197 396 quam
224 345 366 383 decoris
394 345 503 383 armis
531 345 729 393 conspicua
756 349 847 381 erat.
904 344 1120 396 Doryphorz‘
1146 356 1252 381 voca-

90 403 222 438 bantur
247 398 455 448 proximum
474 399 531 436 his
559 411 703 446 agmen,
725 397 824 435 soliti
843 403 982 434 vestem
1011 398 1178 447 excipere
1197 411 1252 435 re-

87 453 230 502 galem;
259 452 297 489 hi
332 464 479 488 currum
512 452 610 500 regis
647 451 850 495 anteibant,
882 463 956 498 quo
983 451 1061 500 ipse
1090 452 1253 489 eminens

88 506 300 544 vehebatur.
359 505 569 554 Utrumque
597 518 726 542 currus
754 505 851 542 latus
871 504 1038 541 Deorum
1059 505 1252 542 simulacra

84 571 130 596 ex
147 572 238 596 auro
255 564 484 608 argentoque
502 571 673 608 expressa
690 558 941 601 decorabant;
972 557 1252 606 distinguebant

83 612 342 650 internitentes
369 625 536 662 gemmae
573 612 720 661 jugum,
759 624 804 648 ex
832 624 906 660 quo
937 611 1149 649 eminebant
1177 612 1252 649 duo

82 678 194 704 aurea
210 665 404 703 simulacra
422 666 606 710 cubitalia,
626 678 784 715 quorum
803 665 959 702 alterum
975 664 1077 709 Nini,
1095 666 1251 703 alterum

84 717 165 756 Beli
182 720 335 768 gerebat
362 719 531 768 effigiem.
588 719 691 757 Inter
717 719 808 755 haec
826 731 973 755 auream
993 719 1151 767 aquilam
1169 720 1251 767 pin-

84 785 151 810 nas
169 773 387 811 extendenti
406 773 560 810 similem
579 777 824 810 sacraverant.

137 826 243 863 VIII.
276 826 409 865 Cultus
439 826 554 875 Regis
581 827 679 864 inter
707 826 830 862 omnia
847 825 994 862 luxuria
1020 825 1248 866 notabatur;

86 892 292 930 purpureae
319 880 467 918 tunicae
486 880 648 917 medium
676 880 759 916 albo
787 880 970 917 intextum
992 884 1094 922 erat3
1116 879 1249 927 pallam

84 946 175 971 auro
202 933 413 972 distinctam
442 934 543 971 aurei
569 933 772 983 accipitres,
802 933 904 970 velut
931 933 1060 970 rostris
1086 932 1185 970 inter
1213 946 1251 969 sc

85 993 311 1031 corruerent,
350 987 609 1031 adornabant;
656 992 705 1030 et,
744 999 836 1023 zona
881 999 992 1023 aurea
1025 986 1252 1024 muliebriter

83 1040 237 1086 cinctus,
253 1041 437 1079 acinacem
452 1042 693 1090 suspenderat
704 1041 765 1076 cui
784 1053 829 1076 ex
840 1052 986 1088 gemma
1004 1045 1083 1078 erat
1102 1040 1250 1088 vagina.

87 1091 255 1132 Cidarim
284 1094 419 1132 Persae
445 1095 589 1142 regium
617 1094 747 1143 capitis
776 1094 957 1130 vocabant
975 1093 1150 1141 insigne;
1180 1093 1249 1130 hoc

82 1148 251 1184 caerulea
279 1147 390 1185 fascia
417 1148 502 1184 albo
537 1148 714 1185 distincta
741 1147 969 1184 circumibat.
1001 1146 1160 1183 Currum
1188 1147 1250 1183 de—

82 1213 162 1238 cem
180 1200 294 1237 millia
312 1201 542 1239 hastatorum
559 1202 807 1249 sequebantur
824 1214 831 1243 ;
861 1201 984 1237 hastas
1005 1205 1161 1248 argento
1189 1214 1251 1237 ex-

83 1259 243 1297 ornatas,
265 1254 404 1303 spicula
431 1268 521 1291 auro
548 1255 709 1302 praefixa
735 1255 948 1302 gestabant.
1004 1253 1148 1291 Dextra
1174 1254 1248 1291 lae-

83 1321 201 1357 vaque
227 1320 353 1355 regem
381 1309 533 1346 ducenti
545 1308 659 1345 ferme
686 1308 903 1344 nobilissimi
956 1308 1247 1356 propinquorum

81 1361 364 1399 comitabantur.
419 1362 568 1399 Horum
584 1374 715 1409 agmen
735 1361 977 1399 claudebatur
991 1361 1148 1409 triginta
1167 1361 1247 1397 mil-

80 1414 176 1452 libus
202 1415 382 1464 peditum,
412 1429 503 1465 quos
518 1416 603 1464 cqui
630 1415 726 1463 regis
754 1414 1018 1464 quadringenti
1038 1415 1240 1463 sequeban-

78 1475 150 1505 tur.
209 1469 408 1507 Intervallo
427 1469 563 1506 deinde
582 1469 690 1505 unius
704 1469 825 1513 stadii,
846 1474 999 1506 matrem
1017 1467 1124 1504 Darii
1145 1467 1244 1518 Sysi-

81 1523 243 1569 gambim
270 1536 399 1560 currus
428 1523 612 1566 vehebat;
643 1528 681 1560 et
708 1523 746 1558 in
774 1522 847 1559 alio
874 1527 954 1560 erat
972 1521 1138 1570 conjux:
1168 1529 1246 1559 tur-

83 1576 129 1612 ba.
163 1575 380 1614 feminarum
417 1577 563 1625 reginas
595 1576 849 1613 comitantium
886 1575 990 1624 equis
1017 1576 1246 1613 vectabatur.

83 1629 305 1674 Quindecim
325 1630 422 1674 inde,
452 1643 543 1678 quas
569 1642 802 1667 armamaxas
820 1630 1019 1678 appellant,
1041 1630 1245 1678 sequeban—

79 1687 141 1719 tur
161 1696 169 1726 ;
198 1683 237 1719 in
256 1683 312 1721 his
330 1688 437 1721 erant
455 1683 561 1720 liberi
579 1683 677 1731 regis
696 1689 733 1720 et
752 1683 816 1732 qui
834 1683 1043 1721 educabant
1062 1696 1135 1729 eos,
1165 1696 1247 1732 spa-

81 1736 295 1785 donumque
322 1748 426 1785 grex,
455 1737 554 1774 haud
585 1750 671 1773 sane
697 1737 770 1773 illis
795 1737 971 1785 gentibus
998 1737 1090 1774 vilis.
1149 1737 1243 1774 Tum

78 1789 201 1838 regiae
227 1790 376 1839 pellices
404 1796 593 1828 trecentae
613 1790 805 1839 sexaginta
824 1790 1065 1836 vehebantur,
1088 1795 1126 1828 et
1145 1791 1245 1839 ipsae

82 1843 198 1892 regali
215 1844 321 1882 cultu
340 1852 548 1893 ornatuque
569 1859 576 1882 ;
607 1849 691 1893 post
717 1857 808 1893 quas
826 1845 1020 1892 pecuniam
1040 1844 1137 1892 regis
1164 1857 1243 1880 sex-

81 1897 178 1934 centi
204 1898 295 1934 muli
309 1904 347 1935 et
373 1898 531 1936 trecenti
550 1899 678 1935 cameli
706 1898 901 1942 vehebant,
929 1897 1113 1946 praesidio
1133 1898 1246 1946 sagit-

83 1950 258 1987 tariorum
294 1957 550 2000 prosequente.
629 1951 928 2000 Propinquorum
974 1952 1248 2000 amicorumque

81 2003 258 2052 conjuges
276 2004 361 2041 huic
380 2005 518 2053 agmini
538 2006 737 2054 proximae,
758 2005 991 2054 lixarumque
1010 2011 1048 2042 et
1076 2005 1246 2041 calonum

83 2069 226 2104 greges,
264 2058 505 2096 vehebantur.
581 2059 713 2096 Ultimi
741 2064 848 2095 erant
876 2071 960 2095 eum
986 2059 1061 2095 suis
1090 2059 1245 2107 quisque

83 2110 249 2154 ducibus,
270 2111 334 2159 qui
362 2118 538 2160 cogerent
567 2125 710 2161 agmen,
742 2112 873 2150 leviter
891 2112 1035 2150 armati.
1094 2112 1247 2157 Contra,

83 2163 111 2199 si
131 2163 213 2212 quis
231 2164 345 2201 aciem
364 2165 612 2202 Macedonum
631 2166 850 2210 intueretur,
871 2166 996 2215 dispar
1014 2165 1125 2203 facies
1144 2171 1245 2210 erat;

83 2216 186 2265 equis
213 2217 373 2266 virisque
399 2231 474 2255 non
502 2232 603 2265 auio,
634 2232 709 2256 non
727 2219 901 2256 discolori
920 2225 1033 2264 veste,
1056 2220 1122 2256 scd
1148 2219 1246 2256 ferro

79 2277 190 2319 atque
218 2283 302 2307 aere
333 2269 571 2319 fulgentibus.
628 2274 776 2321 Agmen
805 2278 843 2310 et
870 2278 968 2310 stare
995 2278 1177 2322 paratum,
1208 2279 1246 2311 et

84 2323 187 2373 sequi
207 2336 216 2366 ;
245 2337 314 2360 nec
341 2325 452 2362 turba
469 2337 538 2362 nec
557 2327 708 2363 sarcinis
726 2339 953 2375 praegrave;
984 2327 1172 2365 intentum
1200 2327 1246 2363 ad

81 2377 194 2420 ducis,
225 2390 299 2414 non
320 2377 466 2426 signum
494 2379 614 2424 modo,
645 2380 708 2416 sed
729 2379 839 2418 etiam
858 2385 1020 2418 nutum:
1051 2386 1089 2417 et
1118 2380 1246 2417 castris
