1496 2671
139 268 189 305 52
464 260 734 302 CORNELII
764 261 1009 303 NEPOTIS

140 375 240 413 CAP.
263 373 384 410 XXI.
442 372 595 408 Atticus
622 384 746 417 senex,
772 378 962 421 aeyrotus,
998 371 1186 409 moriendi
1216 369 1338 407 consie

614 425 708 461 lium
730 427 868 476 operit.

194 513 302 550 TALI
322 512 434 549 modo
453 524 573 561 quum
593 522 654 548 v11
670 517 708 548 et
723 522 813 547 Lxx
828 524 949 548 annos
965 509 1205 561 complesset,
1221 518 1340 561 atque

138 568 186 604 ad
223 574 439 604 extremam
468 571 709 603 senectutem
738 577 816 601 non
844 565 974 603 minus
1002 566 1193 615 dignitate
1221 578 1339 615 quam

138 621 267 670 gratia
286 617 517 667 fortunaque
537 619 733 663 crevisset,
763 619 921 665 (multas
949 619 1054 656 enim
1082 620 1340 657 haereditates

139 675 246 711 nulla
264 672 340 712 alia
359 687 412 720 re,
435 685 547 721 quam
577 672 748 709 bonitate
781 679 840 709 est
873 671 1135 722 consecutus,)
1156 676 1341 722 tantaque

139 728 395 777 prosperitate
423 738 514 764 usus
543 732 643 763 esset
672 725 918 771 valetudinis,
959 732 1002 763 ut
1030 727 1142 763 annis
1178 722 1341 776 triginta

139 779 331 820 medicina
359 794 437 818 non
465 779 709 829 indiguisset,
740 786 878 816 nactus
916 786 973 817 cst
1006 781 1195 826 morbum,
1226 792 1340 827 quem

139 837 252 873 initio
271 842 310 873 et
329 836 412 885 ipse
433 841 472 872 et
490 834 631 871 medici
660 838 976 884 contempserunt
994 848 1005 877 3
1033 846 1123 871 nam
1151 831 1341 883 putarunt

139 902 222 927 esse
240 896 452 933 tenesmon,
474 888 538 925 cui
566 887 736 923 remedia
765 888 905 925 celeria
934 886 1140 936 faciliaque
1168 900 1341 937 propone

139 945 293 981 bantur.
349 943 397 979 In
417 943 488 979 hoc
508 953 626 989 quum
646 946 725 977 tres
745 953 896 978 menses
916 941 1000 978 sine
1019 941 1109 978 ullis
1129 941 1340 988 doloribus,

139 1003 411 1046 praeterquam
432 1007 525 1043 quos
545 1007 595 1031 ex
608 994 807 1032 curatione
820 995 1006 1044 capiebat,
1026 995 1341 1044 consumpsisset,

139 1051 267 1088 subito
286 1057 394 1087 tanta
413 1051 474 1087 vis
495 1048 618 1085 morbi
638 1048 679 1083 in
699 1061 819 1084 unum
838 1049 1069 1086 intestinum
1088 1049 1277 1098 prorupit,
1298 1056 1344 1087 ut

139 1111 314 1142 extremo
343 1111 517 1153 tempore
545 1115 615 1151 per
643 1101 795 1139 lumbos
823 1104 953 1141 fistula
991 1103 1117 1151 putris
1154 1103 1340 1152 eruperit.

138 1159 273 1207 Atque
307 1159 380 1195 hoc
408 1158 635 1207 priusquam
665 1156 700 1192 ei
730 1157 933 1202 accideret,
955 1162 1160 1206 postquam
1188 1157 1229 1193 in
1257 1157 1341 1194 dies

138 1212 290 1249 dolores
310 1224 540 1256 accrescere,
560 1209 786 1257 febremque
806 1211 1012 1248 accessisse
1039 1211 1170 1255 sensit,
1191 1210 1340 1260 Agrip-

139 1279 229 1315 pam
248 1278 435 1315 generum
456 1266 503 1302 ad
525 1277 564 1301 se
584 1264 725 1300 arcessi
739 1263 869 1310 jussit,
891 1270 930 1302 et
950 1276 1038 1302 cum
1059 1277 1103 1301 eo
1122 1263 1172 1300 L.
1193 1263 1341 1302 Corne-

138 1320 237 1356 lium
258 1320 437 1364 Balbum,
456 1318 698 1365 Sextumque
717 1316 978 1356 Peducaeum.
1028 1318 1110 1355 Hos
1129 1323 1174 1355 ut
1189 1318 1342 1356 venisse

138 1374 250 1419 vidit,
280 1374 321 1410 in
355 1374 530 1411 cubitum
558 1371 744 1416 innixu53
790 1372 1002 1418 Quantam,
1032 1372 1171 1420 inquit,
1202 1384 1342 1408 curam

137 1427 463 1476 diliqentiamque,
484 1426 526 1462 in
552 1423 774 1462 valetudine
797 1426 880 1462 mea
909 1423 1053 1462 tuenda
1078 1425 1149 1462 hoc
1175 1431 1343 1475 tempore

137 1480 392 1527 adhibuerim,
410 1492 528 1530 quum
548 1491 613 1515 vos
631 1483 740 1516 testes
758 1479 929 1525 habeam,
947 1478 1047 1516 nilzz'l
1060 1490 1204 1516 neeesse
1214 1478 1342 1528 pluri-

137 1534 207 1571 bus
240 1533 364 1571 verbis
396 1543 719 1573 commemorarffl
758 1533 897 1583 quibus
926 1533 1123 1583 quoniam,
1145 1539 1189 1569 ut
1217 1545 1341 1583 spero,

135 1588 315 1636 satisfeci,
347 1587 521 1637 nihilque
549 1585 689 1635 reliqui
704 1589 791 1635 feci
822 1587 928 1637 quod
957 1587 1012 1623 ad
1043 1586 1264 1623 sanandum
1285 1599 1342 1623 me

135 1643 354 1691 pertineret,
377 1641 569 1691 reliquum
588 1645 652 1686 est,
675 1644 718 1674 ut
735 1647 879 1690 eyomet
905 1640 999 1677 milti
1027 1640 1237 1676 consulam.
1292 1639 1346 1676 Id

136 1708 202 1732 vos
229 1697 412 1744 iqnorare
431 1695 541 1732 nolui
556 1709 566 1738 3
587 1707 680 1731 nam
706 1695 800 1732 mila·
818 1701 905 1740 stat,
927 1694 1032 1731 alere
1051 1693 1225 1730 morbum
1243 1693 1342 1730 desi-

137 1762 242 1786 nere.
296 1748 487 1799 Namque
515 1748 574 1785 lzz‘s
603 1748 734 1786 diebus
764 1749 956 1798 quidquid
981 1746 1057 1784 cibi
1092 1749 1246 1798 sumpsi,
1285 1747 1341 1783 ita

130 1804 307 1853 produxi
342 1804 475 1848 vitam,
496 1809 540 1839 ut
575 1804 751 1840 auxerim
788 1802 938 1838 dolores
973 1802 1054 1838 sine
1089 1814 1156 1850 spe
1192 1800 1340 1838 salutis.

145 1856 278 1900 Quare
294 1869 319 1893 a
332 1857 437 1894 vobis
445 1862 537 1906 peto
553 1858 736 1906 primum,
752 1862 795 1893 uc
805 1855 1005 1893 consilium
1019 1855 1191 1905 probetis
1204 1866 1340 1899 meum,

136 1911 284 1956 deinde,
306 1924 353 1948 ne
367 1911 533 1959 frustra
553 1910 793 1947 dehortando
812 1909 1014 1946 conemini.

193 2106 296 2144 CAP.
317 2105 462 2144 XXII.
521 2105 674 2143 Atticus
693 2104 824 2143 inedia
844 2106 1016 2151 moritur,
1039 2110 1076 2142 et
1092 2104 1287 2155 sepelitur.

192 2203 288 2241 HAG
327 2204 502 2242 oratione
534 2204 679 2249 habita,
714 2202 823 2241 tanta
853 2205 1056 2241 constant&
1087 2203 1194 2241 vocis
1225 2210 1342 2252 atque

139 2257 286 2303 vultus,
306 2264 350 2295 ut
377 2271 455 2295 non
482 2271 533 2296 ex
559 2259 642 2296 vita
661 2259 729 2295 sed
748 2270 799 2295 ex
818 2258 931 2295 domo
951 2257 992 2294 in
1012 2258 1169 2294 domum
1188 2256 1340 2294 videre-

139 2318 202 2349 tur
234 2312 416 2361 migrare,
436 2325 557 2361 quum
587 2311 744 2361 quidem
774 2311 966 2361 Agrippa,
989 2323 1077 2348 eum
1105 2311 1204 2348 flens
1224 2316 1339 2358 atque

137 2366 328 2411 osculans,
357 2372 485 2403 oraret.
514 2372 628 2413 atque
657 2366 892 2411 obsecraret,
915 2378 963 2401 ne
990 2364 1042 2410 id,
1062 2364 1168 2414 quod
1192 2368 1339 2400 natura

136 2425 294 2467 coyeret,
323 2420 404 2470 ipse
432 2431 583 2469 quoque
611 2417 683 2455 sibi
711 2418 954 2464 acceleraret,
980 2424 1027 2464 et,
1053 2417 1239 2467 quoniam
1259 2422 1340 2452 tum

136 2485 286 2522 quoque
300 2479 429 2524 posset
440 2471 671 2524 temporibus
687 2485 891 2523 superesse,
910 2485 948 2509 se
959 2471 1032 2509 sibi
1049 2472 1202 2520 suisque
1217 2481 1339 2507 reser-
