1496 2671
361 187 435 227 DE
463 187 644 226 BELLO
676 186 924 226 GALLICO
953 188 1058 226 LIB.
1089 189 1145 225 ΙΙ.
1300 189 1352 226 33

165 297 375 346 antiquitus
394 295 647 339 transductos,
663 300 819 344 propter
831 295 905 332 loci
926 295 1165 333 fertilitatem
1186 295 1240 332 ibi
1261 307 1353 332 con-

164 351 318 394 sedisse,
355 348 576 397 Gallosque,
611 349 678 397 qui
710 360 755 385 ea
785 349 868 385 loca
897 349 1121 394 incolerent,
1141 348 1355 397 expulisse:

164 405 338 452 solosque
367 416 462 448 esse,
496 403 563 450 qui
584 407 746 451 ‚patrum
779 408 997 439 nostrorum
1031 401 1227 447 memoria,
1248 402 1354 439 omni

165 455 289 495 Gallia
316 458 471 498 vexata,
501 456 697 492 Teutonos
729 454 982 502 Cimbrosque
1007 456 1111 493 intra
1139 456 1236 493 fines
1266 467 1356 492 suos

162 510 314 559 ingredi
351 509 632 558 prohibuerint.
706 506 793 554 Qua
831 521 880 545 ex
918 521 960 545 re
997 509 1093 554 fieri,
1133 509 1191 546 uti
1221 521 1355 546 earum

162 576 291 601 rerum
312 564 495 600 memoria
522 574 698 610 magnam
729 562 801 599 sibi
823 562 1091 599 auctoritatem
1120 574 1356 611 magnosque

163 617 321 666 spiritus
349 618 390 653 in
418 630 461 653 re
488 616 646 652 militari
681 622 886 652 sumerent.
945 615 1005 652 De
1034 628 1194 653 numero
1223 628 1354 652 eorum

163 670 291 707 omnia
323 682 363 707 se
393 670 535 707 habere
568 669 768 717 explorata
796 668 909 705 Remi
943 668 1132 714 dicebant,
1154 675 1357 717 propterea

162 724 263 772 quod
283 722 635 772 propinquitatibus
656 722 983 771 affinitatibusquc
1003 721 1213 770 conjuncti,
1236 734 1357 771 quan-

162 782 241 813 tam
261 777 424 826 quisque
443 776 728 813 multitudinem
749 776 788 812 iu
819 776 1012 813 communi
1034 775 1243 825 Belgarum
1265 787 1355 811 con-

162 830 251 868 cilio
266 831 315 867 ad
332 831 372 866 id
391 830 533 867 bellum
548 829 743 878 polliticus
764 829 825 875 sit,
846 829 1110 878 cognoverint.
1139 829 1357 865 Plurimum

162 884 265 921 inter
280 896 344 921 eos
362 883 586 920 Bellovacos
606 889 643 919 et
663 883 809 920 virtute
840 888 877 919 et
911 883 1139 919 auctoritate
1168 887 1207 919 et
1234 882 1354 918 homi·

163 950 256 974 num
277 950 437 974 numero
457 937 602 973 valere:
630 937 698 973 hos
727 948 837 984 posse
865 937 1053 973 conficere
1073 942 1219 972 armata
1238 935 1359 971 millia

164 996 335 1028 centum:
364 990 554 1039 pollicitos
576 1002 624 1025 ex
656 1003 700 1026 co
728 1002 888 1026 numero
908 989 1029 1026 electa
1050 989 1140 1035 LX,
1161 989 1360 1036 totiusque

163 1044 255 1081 belli
292 1044 499 1093 imperium
532 1043 605 1080 sibi
639 1044 844 1091 postulare.
905 1042 1131 1080 Suessiones
1165 1054 1257 1079 suos
1277 1054 1360 1079 esse

164 1097 360 1142 finitimos,
401 1097 608 1133 latissimos
640 1096 973 1145 feracissimosque
1006 1108 1119 1145 agros
1150 1095 1359 1144 possidere.

163 1150 286 1199 Apud
305 1162 368 1187 eos
388 1149 506 1186 fuisse
525 1161 655 1198 regem
676 1152 808 1186 nostra
836 1150 950 1186 etiam
984 1147 1170 1186 memoria
1189 1148 1360 1186 Divitia-

164 1216 263 1248 cum,
288 1203 408 1240 totius
440 1201 578 1240 Galliae
609 1204 931 1251 potentissimum,
960 1203 1027 1252 qui
1059 1215 1179 1251 quum
1211 1214 1363 1251 magnae

163 1257 285 1306 partis
305 1257 443 1293 harum
461 1256 674 1305 regionum,
690 1262 773 1292 tum
790 1257 906 1292 etiam
923 1256 1137 1293 Britanniae
1153 1256 1361 1304 imperium

164 1310 390 1347 obtinuerit:
410 1322 514 1346 nunc
534 1321 615 1346 esse
643 1322 773 1358 regem
798 1308 977 1347 Galbam:
1007 1310 1053 1346 ad
1082 1310 1186 1346 hunc
1205 1315 1364 1358 propter

159 1362 353 1411 justitiam
372 1363 693 1412 prudentiamque
722 1375 909 1399 sumniam
939 1363 1058 1399 totius
1078 1362 1170 1399 belli
1190 1363 1362 1399 omnium

166 1417 364 1454 voluntate
392 1416 549 1454 deferri:
592 1416 732 1465 oppida
766 1417 907 1453 habere
934 1429 1097 1453 numero
1130 1415 1230 1460 XII,
1252 1416 1362 1464 polli-

166 1470 246 1507 ceri
273 1470 395 1507 millia
414 1476 559 1506 armata
587 1470 882 1518 quinquaginta:
912 1470 1072 1507 totidem
1092 1468 1274 1514 Nervios,
1295 1469 1363 1518 qui

165 1523 334 1560 maxime
352 1522 424 1560 feri
444 1523 547 1560 inter
566 1522 671 1571 ipsos
682 1524 898 1560 habeantur
909 1523 1209 1570 longissimeque
1219 1523 1364 1566 absim

166 1576 251 1613 XV
287 1576 409 1613 millia
446 1578 672 1614 Atrebates:
702 1574 917 1613 Ambianos
950 1577 994 1613 X
1020 1575 1157 1613 millia:
1187 1576 1364 1613 Morinos

166 1630 296 1667 XXV
314 1629 450 1667 millia:
481 1630 685 1678 Menapios
715 1629 780 1666 IX
809 1630 945 1667 millia:
977 1628 1133 1666 Calatos
1153 1628 1196 1666 X
1226 1629 1363 1666 millia:

167 1683 392 1720 Velocasses
452 1688 491 1720 et
549 1683 844 1720 Veromanduos
899 1684 1075 1720 totidem:
1131 1682 1365 1720 Aduatucos

167 1736 322 1773 XXIX
381 1736 513 1779 millia,
581 1735 815 1780 Condi-usos,
882 1737 1097 1781 Eburones,
1167 1734 1364 1782 Coeraesos,

166 1789 377 1835 Paemanos,
399 1790 467 1838 qui
486 1802 564 1827 uno
584 1790 738 1827 nomine
767 1791 957 1827 Germani
977 1790 1238 1839 appellantur,
1260 1790 1363 1827 arbi-

167 1843 264 1880 trari
286 1843 333 1881 ad
353 1843 430 1880 XL
448 1843 583 1880 millia.

220 1896 276 1934 V.
307 1895 436 1934 Caesar
455 1897 597 1934 Remos
626 1896 849 1934 cohortatus
878 1895 1169 1945 liberaliterque
1194 1896 1367 1933 oratione

168 1955 405 1998 prosecutus,
422 1962 573 1987 omnem
589 1955 765 1987 senatum
785 1950 832 1986 ad
846 1963 885 1987 se
901 1950 1109 1986 convenire
1124 1950 1365 1998 principum-

169 2015 244 2051 que
271 2003 412 2040 liberos
441 2004 592 2040 obsides
622 2004 669 2040 ad
698 2016 739 2040 se
769 2004 906 2040 adduci
928 2002 1060 2051 jussit.
1120 2001 1217 2048 Quae
1237 2004 1367 2041 omnia

170 2057 218 2093 ab
237 2056 298 2092 his
317 2057 523 2105 diligenter
542 2058 590 2094 ad
610 2057 712 2094 diem
727 2055 829 2094 facta
850 2063 954 2094 sunt.
1009 2056 1100 2105 lpse
1121 2056 1367 2093 Divitiacum

171 2109 348 2146 AEduum
376 2122 516 2159 magno
543 2123 658 2158 opere
687 2110 919 2154 cohortatus,
941 2110 1063 2155 docet,
1085 2116 1231 2158 quanto
1251 2123 1368 2159 opere

170 2162 228 2199 rei
245 2162 406 2210 publicae
419 2164 709 2211 communisque
729 2164 864 2201 salutis
877 2163 1030 2200 intersit
1043 2174 1182 2200 manus
1196 2164 1366 2201 hostium

171 2215 360 2261 distineri,
381 2228 430 2252 ne
458 2228 544 2253 cum
571 2214 680 2254 tama
699 2217 944 2254 multitudine
973 2229 1050 2253 uno
1080 2223 1253 2265 tempore
1273 2229 1365 2254 con-

172 2269 384 2317 fligendum
403 2269 463 2306 sit.
519 2269 566 2306 Id
594 2271 677 2307 fieri
706 2283 828 2319 posse,
859 2270 891 2307 si
921 2282 1009 2307 suas
1028 2270 1159 2318 copias
1180 2270 1304 2307 AEdui
1325 2270 1366 2306 in

171 2322 268 2358 fines
297 2319 586 2359 Bellovacorum
614 2323 904 2361 introduxerint
929 2329 967 2361 et
996 2335 1128 2360 eorum
1156 2336 1268 2372 agros
1298 2336 1365 2371 po-

172 2375 298 2423 pulari
318 2375 516 2424 coeperint.
575 2376 649 2413 His
681 2378 884 2423 mandatis,
918 2390 1006 2415 eum
1039 2377 1086 2413 ab
1120 2388 1161 2413 se
1189 2377 1365 2413 dimittit.

172 2428 383 2476 Postquam
421 2441 551 2467 omnes
586 2429 796 2478 Belgarum
844 2431 971 2480 copias
1007 2430 1048 2465 in
1083 2441 1202 2467 unum
1240 2430 1366 2467 Iocum
