1496 2671
536 191 581 228 T.
612 191 657 228 P.
690 190 951 230 ATTICUS.
1292 194 1343 229 59

152 298 250 337 CAP.
273 298 389 336 XVI.
437 297 590 335 Atticus
610 297 814 343 humanus,
839 298 1031 336 Ciceronis
1045 297 1343 348 perfamiliari&

203 398 499 434 HUMANITATIS
514 408 604 433 vero
620 396 769 433 nullum
784 395 921 434 afferre
938 396 1062 445 majus
1075 397 1344 434 testimonium

145 464 312 502 possum,
342 462 455 498 quam
472 451 574 499 quod
602 450 821 488 adolescens
840 450 942 486 idem
963 451 1044 488 seni
1076 449 1205 488 Sullae
1224 451 1345 487 fuerit

141 505 460 554 jucundissimus,
476 516 595 541 senex
611 503 844 541 adolescenti
859 503 916 539 M.
935 504 1078 547 Bruto;
1099 517 1184 542 cum
1202 517 1344 553 aequa—

147 559 249 596 libus
280 564 407 595 autem
437 558 528 602 suis,
567 556 615 602 Q.
646 558 857 594 Hortensio
891 563 929 595 et
960 558 1014 594 M.
1052 557 1254 603 Cicerone,
1289 558 1345 595 sie

146 612 303 656 vixerit,
329 617 368 648 ut
381 611 558 659 judicare
577 610 727 648 difficile
748 611 808 655 sit,
841 611 902 648 cui
923 611 1039 648 aetati
1055 611 1173 648 fuerit
1190 611 1343 660 aptissi-

148 678 250 710 mus3
279 677 511 714 quamquam
541 677 629 701 eum
657 665 864 713 praecipue
893 665 1033 702 dilexit
1054 664 1204 709 Cicero,
1219 671 1270 713 ‘ut
1298 677 1347 701 ne

147 719 267 756 frater
287 719 442 768 quidem
462 718 495 755 ei
520 717 690 764 Quintus
717 719 842 755 carior
870 718 990 755 fuerit
1010 725 1077 755 aut
1103 718 1343 756 familiarior,

148 773 198 809 Ei
218 773 275 809 rei
295 778 385 809 sunt
413 772 570 817 indicio,
590 777 743 820 praeter
772 784 836 809 eos
864 772 984 809 libros
1013 772 1053 808 in
1075 773 1215 820 quibus
1235 772 1282 809 de
1302 785 1347 809 eo

150 826 243 864 facit
276 826 523 871 mentionem,
552 826 616 873 qui
647 826 687 862 in
720 826 862 874 vulgus
896 831 986 863 sunt
1014 826 1120 871 editi,
1153 826 1347 863 sexdecim

149 880 346 918 volumina
366 879 626 928 epistolarum,
648 880 696 916 ab
725 879 926 917 consulatu
955 878 1038 927 ejus
1067 891 1188 928 usque
1206 879 1255 916 ad
1279 892 1348 916 ex-

148 940 314 971 tremum
335 939 487 981 tempus
507 933 554 969 ad
575 933 752 970 Atticum
774 933 996 977 missarum3
1025 946 1124 981 quae
1143 933 1210 980 qui
1229 933 1347 982 legat,

148 1000 226 1024 non
244 986 408 1023 multum
428 986 620 1023 desideret
638 986 839 1024 historiam
860 992 1082 1024 contextam
1098 999 1231 1024 eorum
1247 994 1345 1023 tem-

148 1053 301 1089 porum:
330 1040 385 1077 sic
417 1040 519 1076 enim
550 1040 679 1077 omnia
712 1041 759 1077 de
796 1040 934 1078 studiis
971 1040 1202 1089 principum,
1236 1040 1345 1079 vitiis

147 1095 299 1138 ducum,
333 1106 377 1131 ac
410 1093 688 1131 mutationibus
721 1091 968 1143 reipublicae,
998 1094 1213 1142 perscripta
1241 1100 1345 1138 sunt,

148 1153 192 1184 ut
210 1147 308 1183 nihil
326 1146 367 1182 in
386 1147 448 1183 his
466 1159 544 1183 non
564 1152 763 1196 appareat;
792 1153 831 1184 et
848 1146 962 1184 facile
980 1147 1198 1185 existimari
1225 1147 1348 1197 possit

147 1200 394 1249 prudentiam
426 1200 592 1248 quodam
629 1200 742 1238 modo
779 1213 862 1238 esse
900 1200 1193 1239 divinationem.
1252 1200 1344 1237 Non

148 1253 251 1291 enim
273 1252 410 1291 Cicero
429 1266 474 1291 ea
493 1253 627 1299 solum,
648 1266 747 1302 quae
766 1254 859 1291 vivo
889 1266 929 1291 se
957 1254 1194 1300 acciderunt,
1216 1253 1350 1291 futura

149 1307 360 1356 praedixit3
388 1307 456 1345 sed
484 1306 615 1354 etiam,
643 1319 742 1356 quae
769 1320 873 1345 nunc
902 1320 975 1344 usu
1004 1307 1179 1353 veniunt,
1210 1307 1351 1345 cecinit

150 1366 192 1398 ut
213 1366 335 1398 Vates.

349 1542 450 1581 CAP.
472 1543 612 1581 XVII.
670 1543 822 1581 Atticus
839 1544 931 1594 pius
950 1550 987 1581 et
1003 1544 1146 1582 doctus.

204 1642 269 1679 DE
289 1641 434 1691 pietate
463 1647 591 1679 autem
620 1640 748 1679 Attici
767 1641 861 1690 quid
892 1641 1003 1690 plura
1032 1640 1350 1679 commemorem?

150 1709 270 1746 quum
297 1696 370 1733 hoc
396 1695 524 1744 ipsum
553 1707 645 1733 vere
673 1695 904 1742 gloriantem
932 1694 1122 1732 audierim
1152 1695 1194 1732 in
1213 1695 1350 1733 funere

151 1750 285 1787 matris
315 1761 420 1795 suae,
448 1761 564 1798 quam
590 1748 733 1786 extulit
761 1761 949 1786 annorum
975 1748 1199 1798 nonaginta,
1230 1761 1351 1798 quum

151 1809 250 1842 esset
270 1807 417 1852 septem
436 1808 475 1839 et
504 1802 723 1851 sexaginta,
743 1814 781 1838 se
814 1814 1015 1851 nunquam
1048 1815 1134 1839 cum
1163 1809 1286 1839 matre
1308 1803 1351 1838 in

146 1858 319 1906 qratiam
338 1855 490 1898 redisse,
511 1864 712 1904 nunquam
731 1868 816 1892 cum
843 1868 974 1892 sorore
988 1855 1119 1903 flcisse
1147 1856 1188 1891 in
1216 1855 1349 1892 simul·

152 1916 240 1955 tate,
260 1922 375 1959 quam
394 1921 514 1958 prope
533 1910 730 1958 aequalem
758 1909 941 1947 habebat:
971 1909 1075 1957 quod
1095 1914 1154 1946 est
1182 1909 1350 1957 signum,

153 1969 219 2001 aut
237 1964 384 2001 nullam
403 1976 573 2012 unquam
602 1963 705 2000 inter
733 1975 798 2000 eos
826 1962 1131 2011 quaerimoniam
1159 1962 1347 2000 interces-

153 2017 259 2062 sisse,
280 2023 347 2054 aut
365 2017 469 2053 hune
495 2014 540 2054 ea
568 2015 688 2054 fuisse
715 2016 757 2053 in
785 2028 873 2053 suos
901 2014 1156 2065 indulgentia,
1178 2023 1233 2061 ut,
1254 2029 1351 2065 quos

155 2083 282 2107 amare
319 2071 487 2114 deberet,
522 2070 636 2107 irasci
667 2070 723 2107 eis
760 2069 870 2107 nefas
908 2070 1081 2107 duceret.
1137 2069 1277 2118 Neque
1310 2070 1351 2106 id

154 2122 247 2160 fecit
265 2125 404 2160 natura
423 2124 557 2169 solum,
579 2136 812 2173 quamquam
841 2136 972 2161 omnes
1003 2123 1039 2160 ei
1068 2135 1259 2171 paremuS,
1282 2123 1350 2160 sed

155 2177 272 2214 etiam
290 2174 474 2214 doctrina.
531 2177 636 2214 Nam
655 2183 692 2215 et
711 2178 932 2226 principum
960 2177 1275 2226 philosophorum
1295 2177 1351 2213 ita

155 2235 335 2278 percepta
361 2230 498 2268 habuit
525 2237 742 2280 praecepta,
775 2236 818 2268 ut
847 2231 895 2268 iis
924 2232 972 2268 ad
1000 2231 1120 2268 vitam
1150 2231 1348 2280 agendam,

157 2296 233 2322 non
251 2284 296 2321 ad
318 2284 624 2330 ostentationem,
645 2290 835 2322 uteretur.
