1496 2671
370 131 574 171 LAELIUS
603 131 679 169 DE
704 132 965 172 AMICITIA.
1201 134 1248 172 27

83 245 172 286 tate,
192 247 230 279 et
248 239 450 278 offensione
467 239 582 276 animi
609 252 685 277 non
704 241 846 277 acerba.
904 240 968 280 78.
999 241 1249 286 Quamobrem

85 293 242 342 pri-mum
259 293 381 330 danda
395 305 508 342 opera
522 297 589 336 est,
604 306 650 330 ne
666 306 739 342 qua
752 294 952 331 amicorum
966 294 1121 333 discidia
1133 295 1226 332 fiant
1243 309 1250 332 :

85 347 142 384 sin
168 348 244 385 tale
269 346 408 395 aliquid
437 347 612 391 evenerit,
643 354 686 385 ut
714 347 887 385 extinctae
925 349 1049 397 potius
1068 347 1251 392 amicitiae,

91 413 199 449 quam
228 413 410 450 oppressae
447 412 526 437 esse
561 400 769 438 videantur.
828 401 1044 439 Cavendum
1080 415 1180 447 vero,
1207 414 1255 439 ne

80 454 190 493 etiam
208 453 246 490 in
265 467 396 502 graves
423 453 634 492 inimicitias
662 459 882 492 convertant
910 468 948 492 se
976 456 1146 494 amicitiae
1169 470 1176 493 ε
1207 468 1252 492 ex

80 507 209 555 quibus
221 507 359 556 jurgia,
380 508 588 553 maledicta,
617 508 852 546 contumeliae
880 509 1099 557 gignuntur.
1158 509 1251 554 Qua>

79 567 204 598 tamen
231 561 263 598 si
290 561 500 599 tolerabiles
529 566 649 607 erunt,
669 561 832 599 ferendae
851 568 939 599 sunt
960 576 967 600 :
999 569 1036 601 et
1054 563 1114 600 hic
1134 563 1251 600 honos

80 615 196 652 veteri
223 615 394 652 amicitiae
423 615 643 653 tribuendus
672 620 738 661 est,
769 620 811 653 ut
838 615 869 652 is
896 616 935 652 in
963 617 1072 665 culpa
1099 617 1158 663 sit,
1188 617 1249 665 qui

78 666 200 714 faciat,
230 681 307 705 non
345 669 408 718 qui
446 669 610 718 patiatur
636 669 822 718 injuriam.
892 669 1057 707 Omnino
1086 670 1249 707 omnium

79 721 211 759 horum
237 723 414 760 vitiorum
441 729 552 771 atque
577 723 896 760 incommodorum
934 735 1009 760 una
1045 724 1169 762 cautio
1196 731 1250 762 est

80 780 192 824 atque
211 789 285 813 una
303 776 474 825 provisio,
496 781 538 814 ut
557 789 605 814 ne
623 777 732 813 nimis
752 777 826 815 cito
844 777 1000 826 diligere
1019 777 1246 826 incipiamus,

78 841 172 867 neve
183 843 258 867 non
273 830 420 879 dignos.
477 829 540 869 79.
561 830 681 878 Digni
695 835 817 868 autem
833 838 919 868 sunt
935 830 1106 876 amicitia,
1116 831 1250 880 quibus

79 882 118 919 in
144 883 233 932 ipsis
250 883 346 922 inest
374 897 494 929 causa,
524 897 590 921 cur
609 884 826 932 diligantur.
882 884 1026 922 Rarum
1043 897 1175 933 genus,
1197 883 1248 933 (et

79 936 229 984 quidem
257 937 380 974 omnia
407 937 584 986 praeclara
603 937 700 988 rara)
730 950 799 974 ncc
826 937 1023 986 quidquam
1054 938 1249 982 difficilius,

77 1002 186 1037 quam
213 991 384 1040 reperire,
413 991 512 1040 quod
541 991 589 1028 sit
616 991 717 1028 omni
745 1004 791 1027 ex
817 996 923 1040 parte
949 992 989 1028 in
1018 1004 1084 1029 suo
1112 1004 1249 1040 genere

80 1044 297 1092 perfectum.
353 1044 428 1082 Sed
447 1045 611 1093 plerique
630 1057 750 1093 neque
767 1045 806 1081 in
824 1046 935 1082 rebus
953 1045 1123 1082 humanis
1142 1045 1248 1094 quid—

77 1109 190 1146 quam
226 1099 365 1134 bonum
401 1104 551 1143 norunt,
590 1098 662 1135 nisi
698 1098 796 1147 quod
831 1098 1060 1136 fructuosum
1096 1099 1145 1137 sit
1165 1112 1173 1136 :
1214 1105 1249 1136 et

77 1152 225 1196 amicos,
255 1156 432 1199 tanquam
458 1152 630 1201 pecudes,
660 1165 721 1189 eos
749 1152 981 1201 potissimum
1008 1152 1183 1201 diligunt,
1205 1165 1247 1189 ex

75 1204 209 1252 quibus
228 1211 377 1254 sperant
396 1218 434 1242 se
454 1206 653 1242 maximum
671 1206 834 1243 fructum
848 1219 927 1243 esse
941 1212 1125 1256 capturos.
1181 1206 1247 1244 80.

80 1258 138 1296 Ita
154 1259 401 1308 pulcherrima
417 1259 482 1296 illa
501 1264 538 1297 et
556 1259 715 1296 maxime
734 1260 895 1297 naturali
922 1266 1050 1298 carent
1076 1260 1248 1305 amicitia,

77 1324 142 1360 per
160 1325 200 1349 se
227 1317 264 1350 et
291 1318 443 1361 propter
471 1326 510 1349 se
538 1313 775 1361 expetenda:
806 1326 874 1350 nec
901 1313 971 1362 ipsi
989 1314 1057 1350 sibi
1077 1314 1249 1362 exemplo

79 1370 178 1411 sunt,
191 1366 272 1403 haec
290 1366 345 1402 vis
364 1366 534 1404 amicitiae
550 1367 666 1414 qualis
685 1371 722 1404 et
737 1373 877 1416 quanta
895 1367 954 1405 sit.
1003 1367 1086 1416 Ipse
1098 1368 1195 1404 enitn
1211 1381 1249 1404 se

78 1419 232 1467 quisque
250 1419 384 1468 diligit,
405 1432 481 1457 non
506 1426 547 1457 ut
574 1420 732 1467 aliquam
753 1433 774 1457 a
793 1433 831 1457 se
849 1421 928 1469 ipse
948 1421 1156 1458 mercedem
1175 1421 1250 1457 exi-

81 1478 146 1521 gat
165 1473 330 1511 caritatis
351 1485 438 1518 suae,
456 1474 520 1510 sed
540 1474 638 1521 quod
657 1486 722 1523 per
741 1486 779 1510 se
799 1474 867 1510 sibi
886 1474 1040 1524 quisque
1059 1487 1164 1512 carus
1183 1484 1250 1511 est.

74 1527 189 1571 Quod
208 1527 279 1564 nisi
295 1527 394 1563 idem
413 1527 452 1564 in
472 1528 670 1565 amicitiam
692 1528 952 1573 transferatur,
973 1541 1082 1565 vetus
1110 1528 1250 1565 amicus

82 1593 270 1628 nunquam
305 1581 524 1628 reperietur.
582 1580 650 1619 Est
686 1581 784 1618 enim
820 1581 851 1618 is
888 1582 1037 1630 quidem
1074 1589 1249 1629 tanquam

78 1634 173 1671 alter
190 1635 301 1671 idem.
340 1633 401 1671 81.
433 1634 546 1679 Quod
565 1634 595 1671 si
614 1635 683 1671 hoc
701 1639 854 1684 apparet
874 1635 914 1671 in
933 1635 1070 1681 bestiis,
1093 1635 1251 1672 volucri-

82 1689 161 1733 bus,
182 1688 369 1734 nantibus,
399 1689 612 1736 agrestibus,
634 1688 826 1734 cicuribus,
847 1688 943 1734 seris,
964 1689 1120 1738 primum
1142 1695 1184 1726 ut
1212 1702 1250 1725 se

80 1742 167 1790 ipsae
195 1742 383 1789 diligant:
416 1740 470 1792 (id
508 1742 604 1779 enim
634 1743 773 1791 pariter
800 1755 882 1778 cum
922 1743 1025 1779 omni
1062 1743 1250 1780 animante

80 1795 243 1833 nascitur
256 1794 283 1845 τ)
306 1795 452 1840 deinde,
475 1800 516 1834 ut
534 1796 725 1845 requirant
745 1801 856 1845 atque
874 1801 1064 1846 appetant,
1095 1796 1142 1834 ad
1162 1808 1250 1845 quas

80 1861 118 1886 se
135 1849 332 1898 applicent,
354 1849 519 1898 ejusdem
539 1850 687 1898 generis
706 1850 913 1887 animantes
934 1864 942 1893 ;
972 1850 1083 1898 idque
1109 1849 1250 1887 faciunt

82 1915 162 1939 cum
183 1903 366 1940 desiderio
394 1910 432 1941 et
452 1916 534 1940 oum
564 1904 722 1951 quadam
753 1904 996 1942 similitudine
1023 1904 1157 1941 amoris
1184 1902 1252 1939 hu-

83 1956 183 1993 mani
203 1969 211 1993 :
241 1961 378 2004 quanto
397 1957 437 1993 id
452 1957 568 2006 magis
596 1958 635 1994 in
654 1957 803 1994 homine
831 1958 874 1995 fit
893 1962 1038 2003 natura,
1060 1957 1123 2007 qui
1151 1962 1189 1995 et
1216 1970 1254 1993 se

83 2011 161 2059 ipse
180 2009 314 2057 diligit,
337 2015 375 2048 et
403 2011 560 2048 alterum
582 2011 754 2059 anquirit,
784 2011 887 2060 cujus
906 2011 1071 2048 animum
1089 2011 1142 2049 ita
1170 2024 1252 2048 cum

82 2076 150 2101 suo
166 2063 327 2107 misceat,
347 2068 389 2101 ut
407 2065 540 2102 efficiat
558 2077 665 2113 paene
684 2077 798 2101 unum
819 2078 867 2101 ex
887 2065 1032 2102 duobus
1051 2065 1070 2102 P

136 2116 264 2154 XXII.
293 2116 358 2154 82.
379 2117 453 2153 Sed
471 2119 636 2166 plerique
653 2131 836 2167 perverse,
859 2131 906 2155 ne
924 2119 1045 2156 dicam
1060 2118 1256 2169 impuden-

81 2178 150 2216 ter,
188 2170 344 2207 amicum
366 2170 501 2208 habere
527 2172 639 2209 talem
667 2172 808 2217 volunt,
838 2172 962 2220 quales
982 2172 1051 2222 ipsi
1070 2185 1151 2210 esse
1178 2185 1253 2209 non

84 2229 265 2274 possunt:
295 2236 451 2273 quaeque
477 2225 546 2273 ipsi
573 2238 649 2262 non
675 2226 847 2263 tribuunt
866 2227 1009 2271 amicis,
1030 2226 1111 2264 haec
1139 2227 1187 2263 ab
1214 2226 1256 2262 iis

82 2278 309 2315 desiderant.
365 2277 438 2314 Par
457 2283 513 2316 est
539 2284 674 2325 autem,
694 2280 855 2328 primum
883 2280 1003 2329 ipsum
1031 2293 1110 2317 esse
1136 2280 1255 2316 virum

79 2333 229 2376 bonum,
250 2336 329 2368 tum
348 2331 505 2368 alterum
532 2332 688 2370 similem
703 2334 758 2370 sui
777 2345 955 2381 quaerere.
1027 2333 1072 2370 In
1100 2333 1235 2370 talibus

80 2398 138 2430 ca,
161 2397 272 2435 quam
287 2384 508 2434 jamdudum
530 2390 743 2434 tractamus,
772 2387 953 2426 stabilitas
967 2386 1151 2434 amicitiae,
1172 2398 1259 2423 oon-
