1496 2671
423 132 521 160 cuo
541 131 670 158 MAJOR
688 129 740 155 DE
760 129 997 157 sannorum.
1252 117 1301 154 25

125 231 228 270 exiis
247 229 445 280 quendam,
472 227 705 265 Athenienses
731 227 835 271 scire,
863 239 946 275 quoe
973 230 1071 264 recta
1090 229 1215 271 essent,
1244 226 1308 262 sed

116 287 242 337 facere
267 283 373 321 ‘nolle-
430 281 555 318 Multa
590 280 630 316 in
656 283 787 315 nostro
815 280 974 328 collegio
1003 279 1210 329 praeclara:
1240 279 1305 315 sed

125 340 208 384 hoe,
227 337 274 374 de
292 348 366 385 quo
385 335 542 384 agimus,
572 334 612 370 in
640 331 780 382 primis,
802 333 915 381 quod,
937 338 981 370 ut
1009 333 1166 382 quisque
1193 337 1306 369 aetate

125 390 323 434 antecedit,
338 389 392 427 ita
404 387 599 426 sentent-,ise
618 385 869 436 principatum
889 391 992 423 tenet
1014 400 1022 424 :
1045 398 1166 436 neque
1186 386 1306 422 solum

124 445 264 482 honore
292 442 613 486 antecedentibus,
643 440 710 477 sed
736 438 782 476 iis
801 439 925 484 etiam,
955 440 1019 488 qui
1047 453 1131 477 cum
1151 439 1305 488 imperio

125 503 222 543 sunt,
243 496 402 544 majores
430 500 523 532 natu
551 506 712 543 augures
741 498 1034 542 anteponuntur.
1094 493 1189 539 Quae
1218 499 1307 530 sunt

122 551 238 600 igitur
256 550 469 599 voluptates
487 548 648 597 eorporis
666 560 751 585 cum
770 546 1004 584 auctoritatis
1024 547 1186 595 praemiis
1206 558 1306 583 com-

123 604 299 653 parandae
314 603 334 640 P
364 603 511 648 Quibus
531 602 594 650 qui
615 601 809 651 splendide
829 600 886 636 usi
906 604 1006 644 sunt,
1026 600 1051 636 ii
1071 600 1161 636 mihi
1176 600 1307 636 viden—

122 663 186 695 tur
204 658 369 694 fabulam
388 656 508 694 aetatis
537 655 733 704 peregisse,
763 667 844 699 nec,
864 658 1045 702 tanquam
1073 654 1308 691 inexercitati

121 711 332 756 histriones,
347 711 386 746 in
398 715 566 747 extremo
581 714 667 746 actu
686 708 878 746 corruisse.
909 706 972 744 65.
1001 707 1056 745 At
1069 712 1156 745 sunt
1171 707 1307 744 morosi

123 770 161 802 et
179 765 281 802 anxii
294 769 332 801 et
346 763 516 800 iracundi
529 767 567 800 et
586 763 753 799 difficiles
772 774 877 799 senes
894 774 902 798 :
924 761 954 797 si
967 761 1180 810 quaerimus,
1195 761 1307 799 etiam

123 819 237 856 avari.
295 818 369 855 Sed
389 817 470 854 haec
488 829 634 853 morum
653 816 744 853 vitia
764 821 863 860 sunt,
883 827 961 851 non
979 815 1193 852 senectutis.
1249 815 1306 850 Ac

121 872 316 909 morositas
343 875 481 915 tamen,
512 874 622 907 etea
649 870 751 914 vitia,
773 881 855 918 quae
877 868 966 913 dixi,
996 868 1137 906 habent
1163 868 1305 917 aliquid

123 925 384 970 excusationis,
414 937 491 961 non
510 924 609 960 illius
637 923 788 972 quidem
810 923 937 972 justae,
959 922 1024 958 sed
1053 934 1135 970 quae
1156 921 1306 971 probari

121 991 230 1028 posse
267 979 452 1016 videatur.
511 977 712 1014 Contemni
746 989 784 1013 se
821 981 968 1025 putant,
1003 976 1153 1024 despici,
1184 975 1305 1012 illudi.

124 1033 313 1070 Praeterea
340 1032 380 1068 in
407 1031 531 1079 fragili
560 1043 716 1079 corpore
744 1030 872 1067 odiosa
900 1029 1020 1066 omnis
1049 1029 1204 1066 offensio
1233 1034 1302 1066 est.

123 1086 219 1131 Quae
239 1090 366 1123 tamen
386 1085 510 1121 onmia
529 1085 697 1121 dulciora
715 1089 803 1121 sunt
823 1088 861 1120 et
879 1083 1044 1119 moribus
1063 1083 1172 1120 bonis
1187 1086 1226 1120 et
1246 1095 1304 1119 ar-

123 1140 224 1177 tibus
245 1152 253 1183 ;
283 1139 397 1187 idque
427 1143 506 1175 tum
524 1138 563 1173 in
582 1138 671 1179 vita,
702 1143 783 1174 tum
802 1137 840 1173 in
861 1149 971 1173 scena
990 1136 1152 1184 intelligi
1181 1141 1305 1186 potest

122 1205 168 1230 ex
187 1193 231 1230 iis
250 1192 439 1235 fratribus,
462 1191 525 1240 qui
545 1191 584 1227 in
603 1191 782 1240 Adelphis
801 1196 901 1227 sunt.
959 1190 1113 1234 Quanta
1131 1190 1171 1226 in
1190 1190 1305 1227 altero

122 1246 326 1290 duritaS‚in
339 1245 456 1282 altero
470 1244 625 1281 comitas
639 1245 647 1281 l
689 1244 749 1280 Sic
762 1256 800 1280 se
815 1257 873 1280 res
887 1243 1012 1280 habet.
1047 1243 1102 1280 Ut
1115 1244 1211 1280 enim
1228 1256 1306 1280 non

124 1312 233 1337 omne
265 1299 405 1343 vinum,
440 1298 492 1335 sic
525 1310 599 1334 non
629 1298 748 1334 omnis
777 1303 868 1335 aetas
895 1301 1083 1334 vetustate
1112 1298 1304 1334 coacescit.

129 1353 374 1391 Severitatem
402 1351 442 1388 in
480 1356 674 1389 senectute
711 1352 852 1399 probo3
883 1351 949 1387 sed
977 1363 1069 1395 eam,
1100 1351 1196 1387 sicut
1225 1351 1307 1395 alia,

122 1407 330 1444 modicam:
352 1405 593 1442 acerbitatem
602 1405 706 1441 nullo
725 1405 849 1441 modo.
909 1404 1085 1441 Avaritia
1104 1417 1192 1441 vero
1211 1404 1309 1441 seni-

122 1460 167 1497 lis
186 1460 277 1509 quid
296 1459 366 1496 sibi
386 1458 486 1503 velit,
504 1470 581 1495 non
599 1457 785 1506 intelligo.
842 1457 973 1495 Potest
992 1457 1090 1494 enim
1103 1457 1306 1507 quidquam

123 1526 202 1551 esse
221 1513 428 1557 absurdius,
450 1525 573 1560 quam,
587 1524 662 1561 quo
677 1512 800 1548 minus
819 1511 889 1547 viae
909 1516 1038 1556 restat,
1060 1523 1104 1548 eo
1123 1511 1207 1561 plus
1228 1511 1304 1547 via—

124 1567 189 1605 tici
207 1579 375 1616 quaerere
390 1565 409 1602 ἱ)

177 1621 284 1658 ΧΙΧ.
313 1618 378 1656 66.
409 1619 555 1664 Quarta
582 1623 699 1655 restat
717 1631 857 1663 caussa,
878 1630 961 1667 quae
982 1618 1143 1655 maxime
1162 1629 1302 1666 angere

122 1680 234 1724 atque
253 1673 449 1711 sollicitam
468 1673 605 1709 habere
624 1676 790 1709 nostram
811 1676 962 1709 aetatem
983 1671 1145 1717 videtur,
1167 1683 1302 1720 appro—

122 1727 317 1778 pinquatio
335 1726 465 1763 mortis
484 1738 566 1775 quae
587 1733 688 1762 certe
707 1738 728 1762 a
747 1730 940 1762 senectute
958 1737 1034 1762 non
1054 1730 1178 1774 potest
1193 1726 1306 1774 longe

124 1782 264 1819 abesse.
305 1780 340 1817 Ο
359 1780 536 1816 miserum
556 1791 693 1824 senem,
715 1779 790 1828 qui,
812 1784 971 1816 mortem
990 1778 1305 1816 contemnendam

124 1847 214 1880 esse,
243 1835 283 1871 in
309 1839 386 1871 tam
414 1833 529 1881 longa
557 1838 669 1869 :etate
695 1845 772 1869 non
793 1832 956 1869 viderit!
987 1845 1070 1881 quae
1102 1839 1167 1870 aut
1194 1833 1306 1882 plane

122 1888 344 1937 negligenda
363 1893 429 1928 est,
452 1887 481 1923 si
502 1886 654 1922 omnino
674 1886 883 1934 exstinguit
903 1886 1080 1931 animum,
1102 1891 1168 1924 aut
1192 1886 1304 1924 etiam

125 1942 302 1991 optanda,
322 1941 353 1978 si
371 1940 494 1989 aliquo
513 1952 596 1976 eum
626 1939 790 1983 deducit,
811 1939 875 1975 ubi
895 1939 942 1976 sit
961 1939 1109 1976 futurus
1130 1948 1306 1977 aeternus.

125 1995 245 2043 Atqui
280 1994 433 2031 tertium
462 1999 563 2030 certe
599 1993 693 2029 nihil
723 1993 881 2030 inveniri
912 1998 1050 2042 potest.
1107 1993 1174 2032 67.
1205 1993 1306 2038 Quid

124 2048 242 2097 igitur
259 2047 421 2092 timeam,
443 2047 474 2084 si
492 2052 557 2084 aut
575 2059 653 2083 non
671 2047 782 2083 miser
800 2051 887 2096 post
901 2054 1071 2093 mortem,
1089 2052 1154 2085 aut
1173 2047 1304 2085 beatus

126 2102 237 2139 etiam
256 2101 405 2138 futurus
424 2113 504 2136 sum
524 2100 544 2137 P
601 2100 828 2149 Quanquam
856 2100 939 2149 quis
966 2104 1023 2137 est
1049 2104 1127 2138 tam
1155 2101 1306 2145 stultus,

127 2154 293 2203 quamvis
312 2154 361 2192 sit
380 2153 604 2199 adolescens,
627 2154 686 2190 cui
706 2154 754 2191 sit
774 2153 1021 2203 exploratum,
1043 2167 1081 2191 se
1101 2154 1149 2191 ad
1176 2167 1306 2204 vespe—

126 2221 210 2246 rum
229 2221 308 2245 esse
326 2207 512 2244 victurum
526 2207 546 2244 P
592 2207 696 2252 Quin
715 2207 826 2245 ctiam
846 2212 937 2245 aetas
954 2207 1019 2244 illa
1033 2208 1153 2245 multo
1171 2208 1307 2257 plures,

126 2275 238 2312 quam
264 2266 405 2305 nostra,
433 2260 563 2297 mortis
590 2272 696 2297 casus
724 2261 850 2298 habet.
908 2260 1071 2298 Facilius
1097 2262 1137 2298 in
1156 2262 1306 2298 morbos

127 2315 301 2353 incidunt
328 2313 610 2357 adolescentes;
639 2314 791 2362 gravius
820 2319 1037 2363 aegrotant3
1067 2315 1213 2353 tristius
1241 2327 1306 2351 cu-

126 2375 269 2407 rantur.
328 2367 461 2417 Itaque
480 2366 589 2417 pauci
615 2367 774 2405 veniunt
792 2368 841 2405 ad
860 2372 1116 2406 senectutem:
1147 2368 1249 2417 quod
1269 2369 1308 2406 ni

642 2435 648 2440 ·
703 2419 733 2457 C
