1496 2671
200 155 251 195 70
535 155 579 195 G.
609 157 761 195 JULII
792 157 1069 197 GAESARIS·

200 263 382 309 ostendit,
402 264 641 313 monuitque,
663 270 706 301 ut
733 265 789 302 rei
818 265 996 303 militaris
1016 265 1127 310 ratio,
1163 265 1332 303 maxime
1352 271 1396 303 ut

200 317 402 354 maritimae
417 330 478 354 res
499 319 749 366 postularent,
780 325 823 355 ut
851 331 935 367 quae
955 320 1118 356 celerem
1138 325 1254 368 atque
1273 320 1394 356 insta·

201 371 318 407 bilem
338 377 485 407 motum
514 372 711 416 haberent,
742 373 788 409 ad
808 380 945 409 nutum
967 378 1006 409 et
1023 374 1070 410 ad
1091 379 1244 421 tempus
1264 385 1396 410 omnes

201 436 263 461 res
283 425 331 460 ab
364 424 411 461 iis
445 425 818 462 administ1-ar··ntu1-.
878 426 952 462 His
974 426 1155 471 dimissis,
1176 434 1215 463 et
1234 433 1396 463 ventum

202 484 241 514 et
261 484 396 514 aestum
418 491 494 514 uno
512 484 683 527 tempore
717 486 850 515 nactus
880 480 1102 523 secundum,
1120 480 1208 516 dato
1228 480 1339 529 signo
1358 486 1398 516 et

203 531 367 568 sublatis
387 532 548 577 ancoris,
569 533 724 569 circiter
747 532 868 569 millia
886 544 1070 580 passuum
1089 532 1175 569 VII
1191 534 1239 570 ab
1254 545 1299 570 eo
1315 533 1398 570 loco

204 596 432 633 progressus
451 592 584 632 aperto
604 598 647 622 ac
668 586 779 633 plano
800 585 911 622 litore
930 598 1049 622 naves
1069 586 1283 623 constituit.

258 637 420 674 XXIV.
451 638 508 675 At
540 639 707 683 barbari,
742 638 902 676 consilio
935 639 1197 675 Romanorum
1229 639 1399 688 cognito,

204 691 400 739 praemisso
418 693 590 740 equitatu
612 699 650 729 et
679 692 894 736 essedariis,
915 704 990 740 quo
1009 693 1237 741 plerumque
1256 705 1399 741 genere

204 745 246 780 in
283 745 431 793 proeliis
468 746 525 782 uti
563 751 810 789 consuerunt,
844 745 1004 795 reliquis
1038 745 1158 794 copiis
1189 745 1399 791 subsecuti,

204 804 355 835 nostros
368 799 533 835 navibus
548 799 679 847 egredi
695 799 961 847 prohibebant.
1010 799 1108 836 Erat
1123 800 1171 835 ob
1186 799 1255 836 has
1268 811 1402 836 causas

206 861 355 888 summa
368 852 583 896 difficultas,
594 852 695 900 quod
706 864 824 888 naves
839 858 997 901 propter
1012 852 1317 901 magnitudinem
1326 853 1403 889 nisi

205 905 246 941 in
267 905 344 941 alto
363 905 546 941 constitui
566 918 642 942 non
662 911 856 953 poterant3
887 906 1074 943 militibus
1103 912 1231 942 autem
1257 906 1403 954 ignotis

205 958 312 1002 locis,
326 958 520 1006 impeditis
542 960 730 1003 manibus,
747 971 887 1007 magno
903 965 940 995 et
955 960 1066 1008 gravi
1079 971 1272 995 armorum
1287 971 1403 996 onere

206 1012 410 1060 oppressis,
425 1011 541 1048 simul
556 1018 594 1049 et
609 1013 655 1049 de
671 1012 835 1049 navibus
851 1012 1104 1050 desiliendum
1118 1019 1156 1049 et
1168 1013 1208 1048 in
1221 1012 1404 1049 fluctibus

208 1065 495 1102 consistendum
515 1072 554 1102 et
583 1079 671 1102 eum
691 1065 866 1102 hostibus
885 1073 968 1103 erat
991 1066 1257 1115 pugnandum:
1285 1078 1405 1115 quum

206 1117 264 1154 illi
296 1125 363 1156 aut
392 1131 442 1155 ex
462 1119 580 1162 arido,
617 1125 684 1156 aut
712 1119 926 1167 paullulum
955 1120 995 1155 in
1026 1132 1164 1168 aquam
1195 1119 1404 1168 progressi,

208 1172 387 1208 omnibus
416 1173 598 1209 membris
628 1173 811 1220 expediti,
842 1173 1053 1210 notissimis
1090 1173 1184 1210 locis
1221 1173 1404 1209 audacter

209 1225 285 1262 tela
300 1225 534 1273 conjicerent
551 1234 587 1262 et
601 1239 719 1275 equos
732 1225 964 1263 insuefactos
979 1226 1197 1263 incitarent.
1254 1224 1406 1271 Quibus

209 1280 326 1315 rebus
359 1279 480 1316 nostri
519 1280 715 1327 perterriti
753 1285 869 1327 atque
906 1279 1022 1327 hujus
1060 1280 1216 1316 omnino
1252 1279 1406 1328 generis

210 1344 350 1381 pugnae
370 1333 553 1380 imperiti,
574 1345 651 1368 non
670 1333 802 1369 eadem
827 1333 1025 1369 alacritate
1046 1345 1089 1369 ac
1109 1333 1248 1375 studio,
1269 1344 1346 1382 quo
1364 1332 1406 1368 in

209 1386 453 1434 pedestribus
474 1388 527 1422 uti
550 1386 695 1434 proeliis
716 1392 1009 1431 consueverant,
1030 1387 1249 1423 utebantur.

265 1439 407 1475 XXV.
440 1438 552 1484 Quod
575 1440 641 1476 ubi
668 1439 797 1476 Caesar
817 1440 1103 1483 animadvertit,
1124 1451 1243 1476 naves
1261 1438 1407 1488 longas,

211 1505 374 1540 quarum
414 1499 452 1529 et
489 1493 635 1540 species
665 1493 839 1530 barbaris
872 1493 1093 1529 inusitatior
1126 1499 1164 1530 et
1197 1498 1323 1529 motus
1360 1493 1409 1529 ad

215 1558 327 1582 usum
359 1546 577 1594 expeditior
605 1552 698 1589 erat,
731 1546 900 1594 paullum
931 1546 1121 1583 removeri
1155 1547 1203 1582 ab
1222 1546 1409 1582 onerariis

212 1599 378 1635 navibus
412 1606 450 1635 et
480 1599 597 1636 remis
620 1600 774 1636 incitari
797 1607 835 1636 et
855 1600 902 1636 ad
922 1600 1024 1636 latus
1044 1606 1220 1647 apertum
1239 1599 1407 1636 hostium

213 1652 405 1697 constitui,
433 1660 549 1701 atque
577 1653 666 1690 inde
695 1653 836 1697 fundis,
860 1653 1022 1702 sagittis,
1044 1654 1257 1697 tormentis,
1279 1653 1410 1689 hostes

213 1705 375 1755 propelli
405 1719 448 1743 ac
468 1707 687 1743 submoveri
713 1705 847 1754 jussit:
868 1718 952 1754 quae
972 1719 1033 1742 res
1054 1718 1192 1754 magno
1214 1706 1300 1743 usui
1319 1717 1408 1742 nos-

213 1760 285 1796 tris
317 1758 404 1795 fuit.
462 1759 565 1796 Nam
595 1767 633 1796 et
663 1760 821 1796 navium
854 1757 980 1808 figura.
1007 1766 1046 1796 et
1075 1772 1268 1796 remorum
1301 1765 1408 1795 motu

214 1821 251 1849 et
271 1813 456 1850 inusitato
483 1826 625 1862 genere
644 1819 923 1850 tormentorum
951 1813 1115 1861 permoti
1146 1812 1299 1849 barbari
1319 1824 1410 1848 con-

215 1867 412 1912 stiterunt,
433 1879 476 1903 ac
496 1867 666 1915 paullum
687 1867 799 1903 modo
828 1867 963 1915 pedem
991 1866 1220 1903 retulerunt.
1279 1864 1412 1913 Atque

214 1920 357 1957 nostris
390 1920 577 1957 militibus
608 1920 889 1961 cunctantibus,
910 1920 1077 1956 maxime
1106 1924 1261 1967 propter
1281 1918 1413 1955 altitu·

215 1974 344 2009 dinem
366 1974 492 2018 maris,
514 1974 580 2022 qui
601 1974 757 2010 decimae
780 1973 939 2022 legionis
959 1973 1125 2020 aquilam
1144 1972 1303 2017 ferebat,
1321 1984 1412 2008 con-

214 2033 378 2064 testatus
399 2027 513 2072 Deos,
537 2034 579 2063 ut
598 2040 642 2064 ea
661 2039 721 2064 res
740 2027 883 2075 legioni
902 2026 1068 2063 feliciter
1088 2026 1277 2063 eveniret:
1299 2025 1414 2062 Desi-

215 2080 295 2124 lite,
316 2080 456 2128 inquit,
477 2080 767 2124 commilitones,
791 2080 865 2116 nisi
894 2079 1014 2116 vultis
1042 2080 1210 2128 aquilam
1238 2079 1413 2116 hostibus

215 2134 394 2182 prodet-(33
421 2146 492 2182 ego
511 2140 614 2170 certe
642 2146 769 2170 meum
797 2133 1019 2182 reipublicae
1046 2141 1162 2181 atque
1190 2132 1414 2181 imperatori

217 2186 386 2223 officium
416 2187 641 2234 praestitero.
700 2186 787 2223 Hoc
815 2199 934 2234 quum
963 2188 1104 2235 magna
1123 2198 1218 2223 voce
1237 2186 1411 2230 dixisset,

217 2253 268 2276 ex
288 2240 378 2276 navi
399 2252 439 2276 se
452 2239 613 2288 projecit
634 2246 748 2288 atque
768 2239 807 2275 in
828 2241 955 2276 hostes
975 2240 1143 2288 aquilam
1161 2238 1263 2276 ferre
1282 2238 1413 2286 coepit.

221 2293 323 2329 Tum
361 2293 495 2337 nostri,
535 2293 723 2329 cohortati
763 2293 866 2329 inter
904 2306 956 2336 se,
987 2305 1035 2330 ne
1064 2299 1216 2330 tantum
1248 2292 1413 2329 dedecus

219 2347 498 2390 admitteretur,
511 2346 678 2383 universi
689 2359 738 2383 ex
746 2347 837 2383 navi
853 2346 1107 2384 desiluerunt:
1123 2347 1192 2383 hos
1204 2346 1296 2382 item
1310 2342 1413 2394 (alii)

220 2413 269 2436 ex
291 2400 473 2448 proximis
489 2399 662 2449 (primis)
679 2399 844 2436 navibus
864 2412 980 2447 quum
1001 2400 1302 2449 conspexissent,
1323 2397 1413 2435 sub—

220 2454 345 2490 secuti
368 2454 542 2490 hostibus
571 2453 950 2502 appropinquarunt.
