1496 2671
54 188 267 280 QUINTI
291 185 503 248 CURTII
523 184 677 245 RUFI
698 184 885 248 LIBER
907 188 1218 260 QUARTUS.

475 358 784 386 ARGUMENTUM.

105 442 138 481 I.
165 440 312 479 Darius
328 440 381 478 ad
395 440 613 491 Euphraten
630 441 834 479 contendits-
859 440 1079 487 Alexander,
1099 442 1213 480 literis

52 512 78 536 a
89 496 213 534 Dario
229 495 378 545 superbe
395 495 539 545 scriptis
556 495 651 546 reqie
668 494 867 545 respondet.
922 495 1211 545 Abdalonymum

53 549 215 589 Sidoniis
230 561 347 599 reyem
362 549 538 599 praeficit.
594 548 772 599 Amyntas
783 547 982 599 trans-fuya,
1002 550 1095 587 miro
1109 550 1213 588 modo

51 618 76 642 a
105 603 235 640 Persis
261 602 447 640 occiditur.
525 601 660 640 Variae
685 603 798 640 variis
832 602 917 640 locis
946 605 1213 653 praefectorum

50 656 169 695 Darii
195 655 322 694 clades.
393 654 448 692 II.
482 655 598 705 Tyrii,
634 655 888 693 Alexandrum
919 657 1075 707 recipere
1111 669 1210 694 recu-

51 715 180 755 santes,
208 709 424 747 obsidentur.
477 709 556 746 III.
583 708 718 747 Dubiis
735 710 817 746 belli
841 710 1021 747 eventibus
1046 709 1090 746 T
1075 722 1137 760 sti
1155 711 1213 748 ob-

50 763 143 802 sidio
161 763 386 801 nobilitatur.
439 762 511 801 IV.
546 763 708 800 Tandem
732 763 776 800 T
761 776 863 814 stus,
890 764 928 800 vi
945 768 1063 813 capta,
1092 766 1212 801 maxi-

51 830 179 868 maque
203 817 386 855 hominum
403 820 520 867 straqe
538 822 722 868 corrupta,
742 817 899 855 luctuoso
913 816 1172 867 deformatur
1156 831 1214 854 333-

53 871 188 910 cendio.
248 870 291 908 V.
319 870 440 908 Darii
456 872 586 908 iterata
607 871 650 907 de
671 883 762 921 pace
780 871 832 908 ad
856 870 1108 908 Alexandrum
1133 871 1214 909 sub-

51 927 194 963 missior
211 925 354 975 leyatio,
373 937 446 974 qua
464 924 669 975 repudiata,
694 924 826 962 Graeci
843 924 1096 962 Alexandrum
1115 938 1214 963 coro-

50 992 101 1016 na
119 991 232 1016 aurea
251 978 416 1016 donant:
442 977 504 1015 ille
531 983 661 1022 autem,
684 991 754 1028 per
776 977 987 1029 praefectos,
1017 979 1149 1016 multas
1175 980 1215 1016 in.

46 1037 257 1083 potestatem
300 1044 403 1069 suam
443 1031 574 1082 rediqit
611 1033 828 1081 provincias.
890 1031 954 1068 VI.
984 1032 1050 1069 Ad
1087 1033 1214 1070 bellum

50 1086 136 1124 dum
161 1098 197 1123 se
222 1086 376 1134 accingit
402 1084 560 1129 Darius,
589 1085 799 1122 Alexander
827 1084 969 1123 Gazam
996 1090 1207 1136 expuynat.
1203 1101 1210 1108 ·

49 1140 193 1190 ejusque
203 1139 429 1200 praefiectum
447 1139 576 1175 Batim
594 1139 731 1175 crudeli
752 1139 859 1188 afficit
875 1139 1061 1189 supplicio.
1123 1139 1211 1178 VII

50 1193 248 1245 Profectio,
268 1197 302 1229 et
319 1193 426 1229 varia
451 1191 657 1228 Alexandri
684 1193 859 1240 quaesita,
888 1193 939 1230 ad
964 1192 1068 1230 Jovis
1095 1192 1212 1230 Ham-

48 1248 163 1285 monis
197 1245 395 1284 oraculum.
457 1244 568 1282 VIII.
595 1244 642 1282 In
678 1246 839 1296 Aegypto
866 1246 1073 1283 Alexandri
1074 1260 1097 1284 a
1132 1260 1213 1284 con-

48 1301 154 1344 dita;
179 1301 370 1348 variaeque
395 1298 604 1336 Alexandri
639 1299 780 1336 bellicae
807 1300 1058 1349 expeditiones.
1132 1300 1207 1338 IX.

49 1353 195 1392 Darius
229 1353 282 1390 ad
315 1352 466 1390 Arbelas
498 1354 672 1402 peri-enit,
710 1365 816 1402 eoque
855 1355 967 1391 invito
1001 1354 1212 1391 Alexander

53 1407 194 1459 Tiyrim
228 1411 386 1457 superat.
441 1406 495 1443 X.
524 1406 672 1450 Milites,
700 1407 742 1444 ob
768 1406 895 1444 Lunae
922 1407 1095 1458 desectum
1132 1414 1209 1445 tur-

49 1463 160 1504 batos,
174 1473 245 1511 per
263 1460 457 1510 Aeyyptios
473 1465 569 1497 vates
596 1459 783 1509 confirmat
800 1461 1009 1498 Alexander
1028 1476 1039 1498 .·
1064 1461 1204 1499 Persas

47 1520 246 1553 vastatores
262 1514 405 1563 conjicit
422 1514 462 1549 in
468 1513 610 1564 fuyam.
639 1513 757 1551 Darii
770 1527 863 1551 uxor
875 1517 1028 1565 captiva,
1048 1528 1209 1553 maerore

46 1569 213 1620 confecta,
242 1579 448 1617 supremum
466 1567 559 1605 diem
585 1567 731 1613 claudit,
759 1568 853 1605 uncle
870 1568 1076 1606 Alexandri
1094 1569 1208 1620 lacry-

48 1636 137 1667 mae,
158 1621 277 1659 Darii
292 1622 520 1670 suspiciones,
540 1621 654 1658 luctus
672 1627 704 1658 et
722 1627 818 1659 vota.
872 1622 950 1658 XI.
979 1622 1115 1660 Pacem
1134 1628 1206 1662 ter-

46 1678 97 1714 tio
115 1677 312 1725 quaesitam
330 1674 477 1711 Darius
490 1687 562 1711 non
579 1675 749 1724 impetrat
767 1689 778 1712 .·
805 1676 876 1713 imo
903 1676 953 1713 acl
978 1676 1204 1721 deditionem,

48 1734 112 1768 aut
138 1729 190 1766 ad
223 1729 362 1773 bellum,
400 1728 444 1765 ab
475 1728 686 1766 Alexandro
711 1734 943 1779 provocatur.
1012 1730 1113 1767 XII.
1141 1732 1206 1768 Ad

42 1783 224 1834 praelium
242 1782 329 1819 dum
346 1781 548 1819 Persarum
566 1783 688 1832 inyens
706 1784 880 1820 exercitus
892 1789 1054 1834 paratur
1080 1784 1202 1821 ffIace-

47 1837 153 1875 dones
179 1836 321 1873 Panico
347 1835 501 1884 quodam
528 1835 688 1884 defuncti
718 1841 864 1882 terrore,
896 1850 1000 1874 arma
1038 1838 1206 1875 alacriter

47 1895 241 1942 capessunt.
316 1889 438 1926 XIII.
469 1887 629 1926 Consilia
665 1890 708 1927 cle
734 1895 906 1928 nocturno
937 1891 1077 1940 praelio
1104 1890 1206 1929 Par-

45 1945 217 1981 menionis
243 1948 275 1980 et
297 1942 567 1994 Polypercontis
584 1943 792 1981 Alexander
811 1944 960 1982 damnat
978 1959 989 1981 :
1015 1957 1205 1994 somnoque

46 1997 196 2041 refectus
212 1997 378 2034 interrito
391 1997 494 2034 vultu
511 2009 592 2034 suos
618 1998 670 2034 ad
681 2010 842 2047 pitanam
859 1998 1031 2035 accendit.
1085 1999 1202 2036 XIV.

46 2050 247 2088 Alexandri
264 2050 315 2087 ad
335 2050 565 2096 Graecorum,
595 2049 774 2100 Dariique
800 2052 851 2088 ad
879 2050 1076 2089 Persarum
1103 2065 1203 2090 exer-

48 2106 148 2149 citus,
176 2108 259 2141 ante
288 2116 451 2154 puqnam
477 2105 667 2142 orationes.
722 2105 816 2142 XV.
849 2103 999 2143 Cruenti
1024 2106 1077 2144 ad
1092 2107 1205 2144 Arbe-

45 2159 101 2195 las
116 2157 250 2208 praelii
276 2157 478 2208 descriptio.
540 2158 664 2196 Victor
690 2159 910 2205 Alexander,
938 2159 1104 2197 Darium
1130 2163 1202 2198 ‘oic-

42 2217 119 2249 tum
130 2212 370 2262 persequitur.
423 2211 536 2249 XVI
565 2211 766 2250 Parmenio
783 2214 821 2249 in
840 2213 1045 2252 discrimine
1072 2217 1200 2252 consti-

46 2270 154 2310 tutus,
183 2264 434 2302 Alexandrum
458 2265 620 2303 retrahit.
699 2267 860 2303 Tandem
885 2268 1024 2318 inteyra
1049 2269 1201 2306 victoria

42 2320 154 2369 potiti
172 2317 386 2356 Macedones
413 2318 566 2367 reliquos
579 2319 728 2365 Persas,
743 2321 864 2358 multis
880 2334 1029 2360 suorum
1045 2322 1203 2360 millibus

45 2372 268 2419 desideratis,
279 2371 374 2423 fuya
387 2372 456 2411 sibi
472 2384 641 2422 quaerere
657 2374 803 2413 salutem
821 2380 957 2426 coqunt.

627 2448 649 2462 A
