1496 2671
345 141 537 189 QUINTI
566 140 756 179 CURTII
785 140 928 180 RUFI.
1090 135 1096 141 ⁸
1165 142 1217 180 47

52 264 211 302 aequare
228 255 403 301 poterat;
431 249 557 298 itaque
583 248 762 286 interiora
788 260 935 298 quoque
962 248 1060 286 urbis
1085 248 1217 287 infesta

51 307 136 346 telis
154 310 270 344 erant.
326 303 468 340 Ultima
486 302 598 352 pestis
618 301 719 339 urbis
746 301 817 339 fuit
842 302 1013 339 cuniculo
1040 302 1217 340 subrutus

51 372 190 405 murus,
208 369 274 407 per
291 355 395 405 cujus
422 355 547 393 ruinas
574 355 690 393 hostis
716 355 886 393 intravit.
941 355 1114 394 Ducebat
1139 356 1218 405 ipse

51 425 117 452 rex
135 411 406 459 antesignanos,
420 415 469 454 et,
490 410 580 449 dum
598 408 782 446 incautius
802 408 912 454 subit,
929 421 1017 446 saxo
1035 422 1120 447 crus
1139 410 1218 459 ejus

51 466 226 514 affligitur
245 477 254 501 ε
283 463 433 500 innixus
452 468 576 500 tamen
595 462 681 507 telo,
702 462 868 499 nondum
895 462 1027 511 prioris
1055 463 1217 501 vulneris

52 520 213 557 obducta
244 516 424 561 cicatrice,
454 517 552 554 inter
578 516 755 565 primores
783 515 962 553 dimicat:
991 517 1046 554 ira
1073 529 1220 566 quoque

54 584 238 617 accensuS‚
266 571 368 620 quod
394 571 470 607 duo
496 570 535 606 in
563 569 755 606 obsidione
783 569 884 606 urbis
911 570 991 618 ejus
1027 577 1219 620 acceperat

53 625 220 663 vulnera.
276 624 410 669 Betim,
432 623 583 672 egregia
600 623 701 661 edita
718 635 850 672 pugna,
871 623 1070 671 multisque
1089 625 1219 661 vulne-

51 679 154 717 ribus
190 678 401 716 consectum
438 678 678 714 deseruerant
705 677 791 714 sui:
822 689 889 714 nec
918 682 1042 714 tamen
1070 677 1220 726 segnius

52 732 240 782 praeliumv
260 731 485 780 capessebat,
515 730 666 768 lubricis
702 730 812 767 armis
849 742 916 767 suo
943 731 1081 779 pariter
1109 737 1222 780 atque

53 786 214 824 hostium
233 785 424 833 sanguine.
482 784 556 822 Sed
575 797 688 833 quum
709 784 872 832 undique.
900 782 1037 834 (³⁶unus
1057 785 1222 822 omnium

53 840 137 878 telis
155 843 356 888 peteretur,
377 838 426 875 ad
443 844 668 887 postremum
688 838 792 874 vivus
811 838 850 874 in
867 843 1090 887 potestatem
1106 838 1222 876 hosti-

55 905 118 931 um
135 892 328 942 pervenit:
359 904 433 941 quo
451 891 498 929 ad
518 890 684 941 regem*)
702 891 876 936 adducto,
892 892 1068 930 insolenti
1085 892 1223 941 gaudio

47 946 196 996 juvenis
211 946 340 990 elatus,
357 946 446 982 allas
460 946 609 983 virtutis
623 945 733 982 etiam
752 946 791 981 in
807 945 914 982 hoste
928 946 1091 990 mirator,
1113 949 1123 966 ‘
1135 946 1223 983 Non

54 1005 98 1039 ut
128 998 299 1045 voluisti‚'
326 999 458 1046 inquit,
489 999 690 1043 ‘morieris,
713 998 818 1036 Beti:
848 999 913 1035 sed
939 999 1119 1049 quidquid
1147 1004 1224 1037 tor-

55 1059 262 1091 mentorum
281 1053 321 1089 in
340 1053 528 1102 captivum
553 1052 710 1089 inveniri
729 1058 862 1101 potest,
878 1065 1068 1102 passurum
1088 1066 1168 1090 esse
1185 1061 1224 1092 te

51 1106 199 1155 cogita.'
252 1106 333 1153 Ille,
347 1118 424 1143 non
438 1105 612 1143 interrito
629 1106 750 1147 modO,
769 1107 831 1142 sed
848 1107 1057 1144 contumaci
1076 1118 1222 1155 quoque

53 1160 171 1206 vultu,
184 1160 335 1197 intuens
349 1172 485 1208 regem,
500 1159 640 1195 nullam
654 1159 702 1195 ad
717 1159 833 1196 minas
852 1160 930 1209 ejus
945 1160 1069 1198 reddit
1080 1173 1221 1198 vocem.

55 1213 150 1250 Tum
170 1213 396 1258 Alexander,
426 1216 436 1233 ‘
452 1212 647 1250 Videtisne
665 1213 893 1250 obstinatum
913 1214 960 1250 ad
980 1214 1180 1251 tacendum
1192 1213 1224 1251 52’

51 1267 199 1316 inquit:
222 1270 231 1287 ⁴
244 1278 333 1303 num
347 1279 448 1315 genu
461 1265 612 1315 posuit?
631 1279 719 1303 num
736 1267 937 1315 supplicem
955 1280 1080 1304 vocem
1095 1267 1195 1306 misit
1211 1281 1220 1313 ;

53 1320 212 1358 Vincam
230 1324 356 1358 tamen
375 1320 572 1365 silentium,
594 1324 642 1365 et,
664 1320 694 1357 si
711 1320 804 1356 nihil
823 1321 934 1364 aliud,
955 1326 1054 1359 certe
1078 1322 1220 1370 gemitu

53 1373 320 1424 interpellabo.’
375 1373 473 1410 Iram
492 1373 627 1410 deinde
654 1373 766 1411 vertit
794 1375 833 1410 in
860 1375 1011 1420 rabiem,
1034 1375 1112 1423 jam
1141 1382 1221 1412 tum

54 1428 269 1477 peregrinos
288 1427 497 1465 ritusnova
516 1428 697 1465 subeunte
708 1427 867 1465 fortuna.
927 1428 997 1465 Per
1009 1429 1103 1466 talos
1123 1429 1221 1466 enim

54 1481 226 1531 spirantis
261 1481 340 1518 lora
365 1480 520 1529 trajecta
555 1486 653 1526 sunt,
683 1481 952 1530 religatumque
989 1482 1037 1519 ad
1072 1495 1220 1519 currum

50 1543 197 1572 traxere
223 1534 319 1572 circa
346 1535 475 1572 urbem
502 1535 615 1583 equi3
643 1534 828 1582 gloriante
855 1549 955 1584 rege,
976 1535 1174 1582 Achillem,
1196 1550 1217 1573 a

55 1601 128 1636 quo
154 1601 273 1638 genus
298 1588 377 1637 ipse
405 1588 615 1633 deduceret,
644 1588 828 1626 imitatum
866 1602 904 1626 se
931 1602 1010 1626 esse
1037 1603 1156 1640 poena
1182 1591 1221 1627 in

53 1643 194 1680 hostem
215 1641 408 1690 capienda.
463 1641 639 1679 Cecidere
657 1641 850 1679 Persarum
869 1642 1112 1692 Arabumque
1126 1644 1223 1681 circa

54 1696 180 1732 decem
199 1694 337 1732 millia:
367 1707 435 1732 nec
455 1693 724 1732 Macedonibus
743 1695 938 1734 incruenta
965 1697 1118 1735 victoria
1137 1698 1219 1735 fuit.

55 1749 211 1786 Obsidio
229 1753 329 1786 certe
346 1761 423 1785 non
436 1757 513 1786 tam
527 1749 695 1786 claritate
707 1749 808 1787 urbis
820 1751 1016 1788 nobilitata
1028 1757 1095 1796 est,
1111 1764 1221 1800 quam

53 1802 241 1851 geminato
260 1802 424 1852 periculo
443 1802 562 1851 regis;
592 1803 655 1850 qui
674 1802 890 1852 Aegyptum
906 1805 1009 1841 adire
1027 1804 1217 1849 festinans,

52 1856 259 1906 Amyntam
278 1868 362 1893 cum
381 1856 507 1893 decem
524 1856 736 1894 triremibus
755 1857 795 1892 in
816 1857 1073 1894 Macedoniam
1095 1858 1142 1894 ad
1161 1859 1218 1894 in-

53 1909 286 1957 quisitionem
311 1922 493 1947 novorum
520 1910 678 1947 militum
705 1910 818 1948 misit.
874 1911 1045 1959 Namque
1071 1911 1218 1961 praeliis

54 1963 165 2000 etiam
192 1963 362 2000 secundis
380 1964 634 2002 atterebantur
652 1963 788 2012 copiae,
810 1964 1112 2013 devictarumque
1129 1978 1220 2014 gen-

55 2016 149 2054 tium
166 2016 275 2054 militi
291 2017 412 2054 minor
431 2029 539 2065 quam
560 2017 761 2054 domestico
783 2017 872 2054 fides
891 2018 1110 2056 habebatur.

109 2068 274 2106 XXVII.
302 2069 339 2108 7.
369 2071 544 2120 Aegyptii
571 2071 661 2108 olim
690 2070 885 2108 Persarum
913 2072 1045 2121 opibus
1072 2072 1218 2119 infensi,

56 2124 191 2172 quippe
209 2134 317 2161 avare
331 2128 368 2161 et
382 2125 538 2173 superbe
555 2124 807 2173 imperitatum
823 2125 892 2162 sibi
907 2138 986 2163 esse
1005 2126 1218 2171 credebant,

56 2176 104 2213 ad
131 2189 232 2226 spem
269 2176 448 2215 adventus
477 2178 554 2226 ejus
581 2183 776 2216 erexerant
802 2179 971 2217 animos:
1001 2184 1132 2229 utpote
1159 2181 1222 2228 qui

54 2228 263 2279 Amyntam
281 2242 426 2279 quoque
444 2232 684 2280 transfugam,
705 2236 742 2269 et
761 2245 846 2269 cum
872 2233 1038 2281 precario
1065 2233 1221 2283 imperio

55 2283 275 2329 venientem,
296 2284 385 2321 laeti
418 2285 651 2334 recepissent.
708 2286 830 2334 Igitur
857 2286 989 2335 ingens
1018 2287 1220 2326 multitudo

304 2375 316 2391 ¹¹
333 2373 460 2417 Lacuna
484 2374 525 2405 sic
547 2385 565 2405 a
583 2375 789 2407 Freinshemio
811 2376 958 2418 suppleta.
