1496 2671
127 205 176 240 58
466 201 738 241 CORNELII
769 204 1014 244 NEPOTIS

124 308 224 348 CAP.
256 309 374 348 XIV.
430 309 584 348 Atticus
617 324 817 361 nunquam
847 313 928 348 sine
966 312 1122 350 lectione
1159 318 1319 350 coenae.-

495 364 666 415 pecum'd
685 372 784 402 recte
812 368 945 404 utitur.

174 439 305 477 NEMO
323 440 365 476 in
381 441 561 478 convivio
580 441 664 489 ejus
693 442 797 479 aliud
826 455 1000 480 acroama
1029 444 1178 481 audivit
1204 456 1319 493 quam

122 499 372 542 anagnosten,
401 495 503 543 quod
532 508 601 533 nos
622 496 776 543 quidem
798 495 1126 544 jucundissimum
1155 499 1318 536 arbitra-

122 560 227 590 mur3
255 560 380 597 neque
413 562 584 598 unquam
617 548 862 597 sine-aliqua
894 550 1059 589 lectione
1092 552 1193 600 apud
1231 565 1319 590 eum

121 607 326 638 coenatum
346 608 414 647 est,
436 608 476 640 ut
504 616 579 640 non
608 604 737 640 minus
766 603 904 648 animo,
926 617 1041 652 quam
1062 613 1208 648 ventre,
1229 619 1320 642 con·

123 654 237 692 vivae
277 655 573 694 delectarentur.
631 657 809 704 Namque
848 670 912 694 eos
950 661 1122 703 vocabat,
1158 673 1321 707 quorum

121 720 247 745 mores
266 722 289 746 a
308 710 387 747 suis
409 723 484 747 non
515 711 781 747 abhorrerent.
840 709 969 756 Quum
1001 719 1109 750 tanta
1138 714 1322 761 pecuniae

119 761 222 799 facta
240 769 342 801 esset
361 765 540 809 accessio,
562 764 660 801 nihil
680 765 727 801 de
755 766 979 813 quotidiano
1007 767 1114 804 cultu
1145 768 1320 811 mutavit,

118 816 216 852 nihil
236 817 284 854 de
330 818 434 855 vitae
463 818 742 855 consuetudine
761 833 770 860 ;
792 822 978 868 tantaque
999 833 1090 857 usus
1110 828 1168 857 est
1187 821 1318 858 mode·

119 870 282 915 ratione,
321 877 365 908 ut
407 884 532 920 neque
569 873 611 908 in
645 872 821 909 sestertio
856 873 985 920 vicies,
1015 875 1117 922 quod
1155 887 1177 911 a
1213 881 1323 923 patre

121 932 333 972 acceperat,
355 937 491 972 parum
521 938 561 962 se
590 925 789 974 splendide
818 927 1126 977 gesseritmeque
1165 928 1204 964 in
1244 940 1321 965 ses·

120 977 237 1014 tertio
270 979 416 1016 centies
463 978 685 1016 affluentius
733 979 890 1024 vixerit,
924 994 1040 1030 quam
1090 982 1324 1026 instituerat,

120 1031 282 1079 parique
319 1031 476 1082 fastigio
513 1034 665 1071 steterit
702 1033 742 1070 in
782 1031 946 1083 utraque
982 1033 1151 1073 fortuna.
1182 1035 1323 1072 Nullos

120 1084 260 1123 habuit
286 1086 429 1130 hortos,
478 1087 626 1124 nullam
654 1087 929 1134 suburbanam,
977 1095 1045 1126 aut
1092 1089 1324 1126 maritimam

120 1145 386 1188 sumptuosam
405 1140 549 1186 villam,
569 1153 694 1189 neque
724 1140 766 1178 in
793 1139 920 1188 Italia,
955 1149 1109 1191 praeter
1141 1142 1324 1180 Ardeati·

119 1204 214 1230 num
260 1199 299 1231 et
345 1194 647 1240 Nomentanum,
687 1195 876 1232 rusticum
921 1197 1151 1245 praedium;
1179 1197 1323 1234 omnis-

119 1258 194 1295 que
240 1246 325 1295 ejus
370 1249 558 1297 pecuniae
604 1249 753 1287 reditus
799 1251 1000 1287 constabat
1036 1250 1077 1286 in
1116 1250 1326 1299 Epiroticis

119 1305 158 1337 et
194 1301 353 1339 urbanis
385 1303 706 1351 possessionibus.
762 1302 827 1342 Ex
860 1316 936 1353 quo
969 1304 1149 1353 cognosci
1184 1310 1322 1352 potest,

119 1366 208 1391 eum
228 1367 340 1392 usum
361 1356 548 1404 pecuniae
563 1369 641 1393 non
657 1356 935 1404 magnitudine,
949 1357 1016 1395 sed
1030 1357 1179 1395 ratione
1193 1358 1323 1395 metiri

123 1408 291 1445 solitum.

121 1570 222 1609 CAP.
244 1571 342 1609 XV.
398 1571 552 1609 Atticus
571 1585 693 1610 verast:
720 1573 762 1608 in
790 1571 913 1609 verbis
928 1588 941 1615 ,·
970 1573 1011 1609 in
1039 1573 1198 1622 neqotiis
1216 1571 1324 1610 labo-

664 1639 797 1663 rzosus.

177 1711 444 1750 MENDAOIUM
492 1725 619 1762 neque
664 1713 829 1758 dicebat,
877 1725 1003 1762 neque
1041 1713 1122 1762 pati
1160 1718 1323 1763 poterat.

122 1764 261 1813 Itaque
296 1764 380 1815 ejus
414 1766 574 1803 comitas
605 1778 683 1803 non
717 1766 800 1804 sine
833 1767 1041 1804 severitate
1074 1773 1169 1812 erat,
1201 1779 1326 1816 neque

121 1819 296 1868 gravitas
332 1819 417 1858 sine
453 1818 668 1858 facilitate:
708 1826 752 1858 ut
789 1819 942 1858 difficile
973 1826 1073 1858 esset
1109 1820 1324 1867 intellectu,

123 1878 256 1909 utrum
301 1884 391 1910 eum
437 1873 551 1910 amici
596 1873 720 1923 magis
767 1879 1009 1919 vererentur,
1049 1887 1098 1912 an
1136 1881 1323 1913 amarent.

126 1924 328 1974 Quidquid
356 1928 578 1976 rogabatur,
607 1928 788 1977 religiose
817 1927 1086 1976 promittebam
1115 1929 1219 1977 quod
1247 1941 1325 1966 non

122 1980 309 2025 liberalis,
322 1981 388 2017 sed
408 1981 507 2018 levis
522 1981 796 2027 arbitrabatur,
810 1981 996 2031 polliceri,
1011 1982 1114 2031 quod
1129 1987 1326 2030 praestare

125 2045 202 2070 non
231 2039 375 2082 posset:
409 2034 512 2071 idem
544 2035 585 2072 in
616 2035 786 2080 nitendo,
816 2035 919 2084 quod
946 2036 1063 2072 semel
1096 2036 1326 2081 admisisset,

123 2083 233 2124 tanta
252 2092 335 2124 erat
354 2085 459 2131 cura,
481 2094 524 2125 ut
544 2101 621 2125 non
642 2089 872 2134 mandatam,
894 2089 961 2126 sed
981 2101 1090 2126 suam
1110 2102 1192 2133 rem
1213 2089 1323 2127 vide-

125 2146 235 2177 retur
254 2152 381 2189 agere.
436 2140 648 2189 Nunquam
662 2143 830 2191 suscepti
843 2143 990 2191 negotii
1005 2155 1093 2181 eum
1107 2149 1326 2192 pertaesum

125 2199 199 2231 est:
228 2206 338 2230 suam
361 2194 465 2231 enim
494 2196 820 2233 existimationem
848 2196 889 2232 in
918 2194 963 2233 ea
983 2209 1026 2233 re
1054 2197 1117 2245 agi
1146 2198 1321 2245 putabat,

126 2245 202 2295 qua
221 2247 319 2284 nihil
338 2247 504 2285 habebat
523 2249 666 2291 carius3
694 2262 770 2298 quo
790 2250 907 2286 fiebat
929 2257 972 2286 ut
991 2251 1120 2287 omnia
1139 2250 1196 2287 M.
1216 2256 1255 2288 et
1277 2249 1324 2296 Q.

129 2300 374 2347 Ciceronum,
391 2300 560 2346 Catonis,
576 2301 706 2347 Marii,
726 2301 772 2348 Q.
786 2303 999 2350 Hortensii,
1011 2302 1106 2340 Auli
1121 2304 1322 2352 Torquati,

127 2355 338 2391 multorum
359 2361 558 2403 praeterea
577 2356 750 2404 equitum
771 2356 1047 2403 Romanorum,
1061 2358 1215 2406 negotia
1234 2369 1322 2406 pro-

128 2413 294 2445 curaret.
351 2408 417 2445 Ex
453 2422 530 2458 quo
560 2408 729 2457 judicari
767 2416 929 2458 poterat,
961 2423 1037 2448 non
1072 2408 1222 2456 inertia,
1258 2411 1324 2449 sed

124 2461 287 2511 judicio,
306 2460 454 2512 fugisse
473 2463 710 2512 reipublicae
736 2464 1057 2514 procurationem.
