1496 2671
273 98 322 135 22
583 112 679 139 cli-ro
700 112 828 140 maon
846 112 898 140 nn
917 111 1154 141 sannorum.

272 209 461 256 segetibus
481 208 598 246 solum
619 214 658 247 et
669 211 784 258 pratis
799 216 836 248 et
851 210 967 248 vineis
985 216 1024 248 et
1043 211 1204 248 arbustis
1223 223 1281 248 res
1299 212 1448 250 rustioae

271 262 371 300 laetae
391 269 491 306 sunt,
513 264 577 299 sed
597 264 708 300 etiam
727 264 845 303 hortis
872 272 910 302 et
938 264 1136 314 pomariis:
1167 269 1247 302 tum
1266 266 1454 314 pecudum

273 322 393 364 pastu,
415 317 540 365 apium
556 317 799 361 examinibus,
814 319 948 355 florum
968 318 1136 355 omnium
1149 318 1342 356 varietate.
1371 319 1452 357 Nee

271 369 496 406 consitiones
515 370 626 407 modo
645 371 845 417 delectant,
863 372 928 409 sed
947 372 1059 408 etiam
1077 372 1270 409 insitiones
1286 385 1295 416 ;
1317 373 1451 422 quibus

272 423 364 459 nihil
384 424 529 461 invenit
543 425 769 472 agricultura
790 425 988 463 sollertius.

323 476 430 515 XVI.
461 478 524 514 55.
549 477 704 515 Possum
719 479 889 528 persequi
904 478 1023 515 multa
1037 477 1312 517 oblectamenta
1321 491 1447 516 rerum

270 532 492 568 rusticarum
508 545 516 568 :
538 531 603 568 sed
623 533 767 582 eaipsa,
789 544 871 582 quae
887 532 977 576 dixi,
997 531 1111 568 fuisse
1125 533 1245 570 sentio
1264 533 1447 582 longiora.

272 583 480 631 Ignoscetis
507 590 643 622 autem.
701 586 799 623 Nam
838 591 876 623 et
911 585 1038 623 studio
1074 597 1211 627 rerum,
1226 587 1449 624 rusticarum

272 647 471 686 provectus
486 652 579 682 sum,
602 645 640 676 et
668 646 839 677 senectus
859 644 915 676 est
934 638 1071 677 natura
1088 638 1277 687 loquacior
1297 654 1306 678 :
1335 653 1384 678 ne
1403 641 1451 682 ab

269 692 442 729 omnibus
461 706 541 730 eam
574 693 669 730 vitiis
690 694 816 730 videar
834 692 1036 730 vindicare.
1094 691 1198 740 Ergo
1217 693 1256 729 in
1283 693 1448 732 hac'vita

274 744 425 783 Manius
455 746 602 790 Curius,
632 760 747 795 quum
777 747 824 783 de
858 746 1100 791 Samnitibus,
1138 747 1186 783 de
1216 746 1374 793 Sabinis,
1403 747 1452 784 de

269 797 417 848 Pyrrho
455 800 730 848 triumphasset,
779 801 1009 849 consumpsit
1045 805 1254 836 extremum
1299 805 1447 850 tempus

268 854 390 890 aetatis
407 867 414 890 :
446 853 552 900 cujus
588 854 739 902 quidem
776 854 901 891 villam
930 866 1002 902 ego
1029 853 1297 903 contemplans,
1329 852 1450 904 (abest

269 906 367 942 enim
387 919 463 943 non
484 907 595 955 longe
624 920 645 944 a
665 906 751 957 me‚)
783 908 959 945 admirari
986 907 1076 945 satis
1104 919 1181 943 non
1208 920 1359 956 possum
1388 907 1447 944 vel

268 959 428 996 hominis
451 960 565 1008 ipsius
593 962 863 998 continentiam
884 962 943 999 vel
962 968 1173 1010 temporum
1201 961 1448 1011 disciplinam.

269 1012 395 1058 Curio,
418 1014 465 1050 ad
485 1014 607 1051 focum
627 1015 784 1058 sedenti,
807 1028 985 1064 magnum
1004 1015 1084 1051 auri
1100 1014 1247 1063 pondus
1267 1014 1452 1052 Samnites

267 1078 382 1113 quum
410 1068 633 1113 attulissent,
668 1069 855 1117 repudiati
892 1077 994 1106 sunt.
1052 1069 1139 1105 Non
1168 1069 1281 1111 enim,
1316 1081 1448 1106 aurum

268 1119 416 1166 habere,
438 1122 658 1170 praeclarum
679 1123 749 1159 sibi
763 1124 880 1160 videri
900 1123 1008 1167 dixit,
1030 1122 1095 1160 sed
1113 1122 1170 1170 iis,
1186 1123 1250 1171 qui
1270 1122 1453 1160 haberent

267 1185 411 1219 aurum,
438 1172 642 1224 imperare.
699 1176 761 1214 56.
796 1178 998 1215 Poteratne
1033 1183 1162 1214 tantus
1199 1176 1345 1213 animus
1371 1188 1450 1212 non

261 1226 467 1274 jucundam
489 1230 634 1267 efficere
653 1237 883 1268 senectutem
899 1230 918 1266 ἶ)
975 1230 1050 1267 Sed
1067 1230 1175 1267 venio
1191 1230 1238 1266 ad
1254 1229 1448 1278 agricolas,

268 1292 315 1316 ne
334 1293 355 1317 a
375 1294 434 1319 me
452 1283 533 1331 ipso
552 1284 732 1320 recedam.
774 1284 819 1320 ln
838 1283 936 1332 agris
951 1288 1058 1320 erant
1077 1289 1159 1320 tum
1180 1283 1390 1327 Senatores,
1411 1282 1450 1319 id

269 1344 324 1370 est
345 1347 473 1373 senes:
504 1337 534 1373 si
554 1337 704 1385 quidem
733 1339 855 1375 aranti
875 1337 994 1374 Lucio
1015 1337 1196 1381 Quinctio
1227 1336 1452 1374 Cincinnato

268 1388 483 1426 nuntiatum
503 1396 572 1435 est,
588 1403 672 1427 eum
693 1391 928 1429 Dictatorem
950 1403 1029 1427 esse
1045 1390 1210 1428 factum:
1233 1389 1338 1439 cujus
1359 1389 1452 1426 Die-

267 1442 397 1479 tatoris
428 1443 536 1491 jussu
565 1444 740 1493 magister
769 1446 937 1494 equitum
967 1444 1079 1481 Caius
1108 1444 1287 1481 Servilius
1331 1442 1454 1480 Ahala

273 1493 450 1543 Spurium
464 1497 642 1542 Maelium,
661 1511 820 1547 regnum
833 1502 1083 1548 appetentem,
1101 1505 1323 1548 occupatum
1337 1497 1455 1535 inter-

270 1548 371 1586 emit.
428 1552 462 1586 A
483 1551 571 1588 villa
598 1552 635 1588 in
658 1552 838 1590 Senatum
858 1552 1143 1590 arcessebantur
1162 1557 1200 1590 et
1231 1551 1380 1596 Curius,
1408 1556 1447 1588 et

270 1603 386 1638 ceteri
405 1616 533 1641 senes:
563 1618 608 1642 cx
629 1618 715 1655 quo,
734 1607 797 1655 qui
817 1619 879 1643 cos
900 1606 1148 1650 arcessebant,
1163 1605 1324 1642 viatores
1336 1605 1455 1641 nomi·

273 1656 352 1692 nati
372 1663 471 1694 sunt.
530 1659 633 1696 Num
652 1660 770 1708 igitur
789 1672 917 1697 eorum
938 1664 1110 1696 senectus
1125 1658 1344 1696 miserabilis
1370 1657 1453 1702 fuit,

268 1709 332 1757 qui
349 1722 389 1746 se
408 1711 488 1759 agri
508 1713 673 1750 cultione
692 1714 931 1751 oblectabant
950 1713 968 1750 P
990 1713 1078 1750 Mea
1096 1712 1246 1761 quidem
1265 1711 1455 1750 sententia

271 1762 373 1799 haud
401 1767 476 1801 scio
515 1779 562 1803 an
596 1768 699 1805 nulla
728 1768 872 1805 beatior
901 1779 980 1804 esse
1007 1766 1148 1816 possit:
1179 1777 1302 1814 neque
1329 1764 1450 1802 solum

269 1815 402 1862 officio,
424 1819 525 1867 quod
545 1820 737 1858 hominum
754 1821 882 1870 generi
901 1821 1075 1857 universo
1103 1819 1251 1857 cultura
1278 1831 1455 1868 agrorum

271 1875 327 1907 est
346 1871 529 1918 salutaris,
551 1874 617 1911 sed
632 1880 670 1913 et
688 1875 950 1918 delectatione,
970 1886 1081 1923 quam
1094 1873 1183 1917 dixi,
1202 1878 1240 1910 et
1259 1872 1457 1910 saturitate

272 1924 454 1974 copiaque
469 1928 632 1965 omnium
663 1941 799 1974 rerum,
831 1940 913 1977 quae
935 1928 984 1965 ad
1003 1927 1143 1964 victum
1171 1926 1377 1971 homiuum,
1407 1925 1456 1963 ad

272 1977 415 2015 cultum
436 1980 548 2017 etiam
569 1981 736 2019 Deorum
759 1983 973 2031 pertinent:
1003 1986 1057 2026 ut,
1078 1980 1254 2028 quoniam
1274 1979 1356 2016 haec
1371 1979 1452 2028 qui-

272 2030 358 2067 dam
379 2033 606 2080 desiderant,
626 2037 665 2072 in
683 2036 843 2084 gratiam
853 2035 933 2084 jam
947 2034 1234 2082 cumvoluptate
1245 2033 1456 2070 redeamus.

275 2083 429 2134 Semper
448 2088 547 2124 enim
576 2090 663 2126 boni
683 2089 895 2138 assiduique
914 2088 1055 2125 domini
1074 2088 1212 2125 referta
1230 2086 1323 2124 cella
1350 2086 1454 2123 vina-

274 2138 338 2181 ria,
361 2139 508 2186 olearia,
531 2142 642 2180 etiam
661 2143 813 2192 penaria
832 2148 898 2187 est,
917 2142 1079 2191 villaque
1092 2146 1175 2179 tota
1188 2140 1353 2188 locuples
1372 2144 1428 2177 est
1448 2151 1456 2175 :

275 2191 444 2230 abundat
464 2207 589 2242 porco,
610 2196 731 2241 haedo,
753 2208 863 2244 agno,
889 2195 1042 2244 gallina,
1063 2195 1171 2239 lacte,
1193 2206 1312 2238 caseo,
1334 2193 1457 2230 melle.

275 2242 361 2280 Jam
381 2245 530 2284 hortum
550 2249 619 2297 ipsi
649 2249 820 2298 agricolae
842 2250 1042 2286 succidiam
1071 2248 1226 2286 alteram
1254 2246 1457 2296 appellant.

279 2294 417 2349 [Tum]
440 2301 650 2340 conditiora
667 2303 754 2341 facit
775 2303 855 2340 haze
874 2301 1139 2352 supervacanei
1161 2299 1314 2350 [etiam]
1335 2299 1457 2348 operis

275 2353 474 2401 aucupium
494 2363 607 2404 atque
625 2356 785 2394 venatio
844 2357 906 2396 57.
939 2356 1042 2401 Quid
1061 2356 1109 2393 de
1126 2359 1318 2405 pratorum
1337 2351 1450 2389 virid-
