1496 2671
432 144 595 183 LIBER
624 143 897 190 QUARTUS.
1202 142 1252 181 65

97 258 222 292 votum
241 265 361 290 meum
378 251 555 301 implevit.
611 250 684 288 Sed
703 250 812 300 hujus
830 263 976 300 quoque
993 249 1136 288 consilii
1155 250 1250 288 ratio

97 316 223 356 postea
238 306 437 344 reddetur:
458 317 522 342 vos
539 305 592 342 ite
610 304 658 341 ad
676 305 808 353 copias,
828 305 959 352 quibus
978 304 1130 353 quisque
1147 316 1252 354 prae-

99 366 165 399 est.
236 359 318 408 Ego
347 358 425 407 jam
453 358 576 403 adero,
605 361 642 395 et
668 358 758 405 'quid
784 357 864 394 fieri
890 357 1011 403 velim,
1041 357 1250 407 exponam?

100 413 200 452 Raro
218 411 416 450 admodum
434 411 626 450 admonitu
653 411 864 456 amicorum,
893 422 1005 458 quum
1031 417 1151 449 metus
1177 411 1251 449 dis-

99 466 257 505 criminis
275 465 416 511 aderat‚
434 465 491 503 uti
510 465 662 502 solebat.
719 458 825 501 Tunc
844 476 1000 513 quoque,
1020 465 1251 503 munimento

99 519 258 569 corporis
277 523 434 568 sumpto,
463 518 639 568 processit
658 517 706 555 ad
732 518 880 555 milites.
935 517 1051 554 Haud
1070 517 1159 555 alias
1176 523 1253 556 tam

93 569 251 612 'alacrem
269 572 438 610 viderant
456 585 581 621 regem
601 585 609 609 z
630 575 678 617 et,
698 571 805 609 vultu
824 571 901 620 ejus
914 570 1096 616 interrito,
1116 576 1254 610 certam

99 638 198 676 spem
215 625 390 664 victoriae
409 626 698 675 augurabantur.
752 625 880 674 Atque
897 623 960 661 ille
986 629 1140 673 proruto
1158 625 1255 662 vallo

100 680 198 717 exire
216 679 338 729 copias
351 679 472 728 jubet,
494 679 682 727 aciemque
707 677 882 727 disponit.

156 732 242 770 LII.
273 733 317 769 In
335 733 467 771 dextro
481 745 597 770 cornu
613 732 725 770 locati
744 736 830 769 sunt
845 731 997 781 equites,
1019 743 1112 780 quos
1130 744 1255 783 ayema

99 786 285 836 appellant
304 799 312 823 :
340 791 508 836 praeerat
526 786 582 823 his
603 786 735 831 Clitus,
755 785 815 823 cui
828 785 956 834 junxit
984 784 1154 823 Philotae
1172 789 1254 823 tur-

100 853 190 885 mas,
209 844 422 889 ceterosque
448 839 649 890 praefectos
667 839 832 889 equitum
849 838 956 876 lateri
975 837 1053 887 ejus
1070 838 1258 888 applicuit.

102 893 244 932 Ultima
263 893 440 942 Meleagri
459 893 516 930 ala
534 894 654 931 stabat
673 906 681 930 t
712 905 820 941 quam
837 892 1000 942 phalanx
1027 892 1258 940 sequebatur.

102 947 191 985 Post
209 947 428 996 phalangem
448 946 719 997 Argyraspides
739 950 844 984 erant
864 960 872 983 z
901 945 958 983 his
985 945 1149 983 Nicanor
1169 945 1258 983 Par-

102 1000 280 1038 menionis
307 1001 403 1038 filius
437 1004 618 1050 praeerat.
673 999 718 1037 In
746 999 917 1037 subsidiis
944 1012 1028 1036 cum
1055 1012 1168 1036 manu
1195 1012 1259 1037 sua

104 1053 269 1091 Coenos:
300 1059 383 1103 post
409 1067 493 1091 eum
522 1053 672 1092 Orestes
700 1053 990 1103 Lyncestesque.
1062 1052 1153 1091 Post
1178 1053 1261 1090 illos

103 1107 343 1157 Polypercon,
381 1108 458 1144 dux
494 1107 678 1156 peregrini
723 1106 860 1144 militis.
941 1105 1067 1155 Hujus
1103 1106 1260 1154 agminis

57 1157 59 1159 ¹
102 1162 284 1209 Amyntas
302 1161 471 1210 princeps
490 1168 580 1198 erat.
638 1160 814 1208 Philagus
834 1159 1007 1197 Balacros
1034 1160 1198 1209 regebat,
1219 1160 1257 1196 in

103 1214 311 1252 societatem
326 1226 443 1263 nuper
461 1214 602 1251 ascitos.
659 1213 764 1250 Haec
777 1210 901 1251 'dextri
919 1226 1034 1250 cornu
1047 1213 1158 1250 facies
1170 1221 1259 1251 erat.

104 1268 147 1304 In
183 1268 297 1312 laevo,
338 1267 512 1305 Craterus
550 1267 884 1316 Peloponnensium
921 1267 1064 1315 equites
1099 1267 1260 1305 habebat

104 1320 428 1370 Achaeorumque3
458 1326 495 1359 et
522 1320 759 1358 Locrensium
784 1325 821 1357 et
848 1320 1011 1357 Malieon
1030 1320 1164 1358 turmis
1192 1321 1259 1358 sibi

101 1374 297 1423 adjunctis.
352 1373 434 1411 Hos
466 1374 632 1411 Thessali
659 1374 798 1423 equites
826 1373 1057 1418 claudebant,
1088 1373 1260 1424 Philippo

103 1429 208 1465 (luce.
263 1427 432 1465 Peditum
467 1428 560 1465 acies
579 1428 744 1476 equitatu
762 1428 973 1476 tegebatur.
1027 1427 1145 1464 Frons
1164 1428 1259 1466 laevi

103 1494 217 1518 cornu
236 1481 326 1518 haec
344 1489 433 1518 erat.
474 1481 547 1518 Sed
565 1494 612 1518 ne
631 1481 812 1518 circumiri
826 1486 948 1530 posset
966 1493 987 1518 a
1008 1481 1259 1527 multitudine,

104 1535 273 1572 ultimum
292 1547 424 1583 agmen
452 1535 572 1571 valida
599 1547 709 1571 manu
729 1535 918 1572 cinxerat:
950 1547 1087 1571 cornua
1114 1548 1259 1584 quoque

103 1588 272 1625 subsidiis
288 1588 458 1633 firmavit,
475 1601 549 1625 non
569 1593 669 1626 recta
686 1588 818 1633 fronte,
839 1588 903 1624 sed
922 1601 943 1624 a
961 1588 1075 1625 latere
1101 1589 1229 1637 positis
1249 1604 1257 1634 ;

104 1646 156 1687 ut,
177 1642 207 1678 si
219 1641 335 1679 hostis
353 1642 614 1678 circumvenire
632 1642 746 1679 aciem
759 1646 947 1686 tentasset,
968 1646 1095 1690 parata
1113 1655 1260 1692 pugnae

102 1696 235 1732 forent.
290 1695 365 1731 Hic
393 1693 550 1743 Agriani
578 1700 693 1740 erant,
723 1695 856 1744 quibus
885 1695 1037 1732 Attalus
1068 1703 1258 1744 praeerat:

102 1748 282 1797 adjunctis
301 1748 499 1797 sagittariis
515 1749 764 1786 Cretensibus.
821 1749 982 1786 Ultimos
994 1749 1140 1786 ordines
1155 1763 1258 1787 aver-

103 1803 149 1840 tit
176 1815 197 1839 a
214 1801 346 1847 fronte,
367 1806 409 1840 ut
436 1807 552 1840 totam
580 1803 694 1839 aciem
722 1803 810 1839 orbe
837 1802 1008 1840 muniret.
1065 1802 1181 1851 Illyrii
1199 1804 1259 1841 hic

103 1861 217 1902 erant,
233 1855 409 1904 adjuncto
423 1856 538 1894 milite
552 1856 720 1893 mercede
737 1856 932 1893 conducto.
988 1856 1149 1893 Thracas
1168 1870 1259 1906 quo-

104 1921 173 1956 que
199 1909 307 1946 simul
333 1909 516 1958 objecerat
551 1910 681 1947 leviter
718 1914 875 1947 armatos
896 1923 904 1947 :
944 1909 1109 1958 adeoque
1145 1911 1259 1947 aciem

105 1962 309 2000 versatilem
325 1963 460 2012 posuit,
473 1968 516 2001 ut
531 1963 593 2012 qui
607 1964 727 2001 ultimi
742 1963 889 2001 stabant
903 1975 950 1999 ne
962 1963 1253 2010 circumirentur,

106 2015 197 2053 verti
223 2021 348 2053 tamen
375 2020 412 2054 et
437 2017 477 2053 in
503 2017 663 2055 frontem
690 2016 887 2065 circumagi
913 2021 1073 2065 possent.
1130 2017 1261 2067 Itaque

105 2081 178 2106 non
197 2068 314 2118 prima
327 2083 436 2118 quam
449 2070 576 2117 latera,
597 2083 672 2108 non
689 2070 804 2108 latera
821 2070 1019 2108 munitiora
1030 2070 1132 2107 fuere
1151 2083 1259 2118 quam

104 2130 221 2170 terga.

157 2175 262 2212 LIII.
290 2174 362 2213 His
379 2176 432 2214 ita
458 2177 646 2224 ordinatis,
667 2178 854 2228 praecipit,
884 2182 938 2224 ut,
957 2178 988 2214 si
1005 2177 1158 2216 falcatos
1177 2191 1258 2215 cur-

106 2242 167 2266 rus
187 2241 269 2266 cum
287 2228 435 2267 fremitu
461 2230 606 2268 barbari
632 2232 855 2278 emitterent,
882 2231 951 2281 ipsi
969 2231 1100 2269 laxatis
1119 2232 1257 2269 ordini-

103 2282 172 2319 bus
206 2283 384 2332 impetum
408 2283 674 2322 incurrentium
701 2285 846 2323 silentio
881 2285 1118 2335 exciperent:
1156 2286 1256 2323 haud

104 2335 237 2373 dubius
264 2335 341 2373 sine
367 2349 464 2374 noxa
489 2342 770 2384 transcursuros,
792 2339 822 2376 si
841 2351 948 2377 nemo
977 2351 1015 2377 se
1039 2346 1253 2389 opponeret.

107 2388 171 2428 Sin
199 2393 319 2428 autem
349 2390 425 2428 sine
459 2390 606 2430 fremitu
641 2392 883 2439 immisissent,
914 2405 975 2431 eos
1002 2392 1072 2442 ipsi
1099 2393 1256 2431 clamore-

639 2444 719 2484 F?
