1496 2671
443 144 541 174 cmo
560 145 689 173 MAJOR
707 146 759 172 DE
778 145 1015 175 sannorum.
1272 137 1320 174 13

141 244 276 294 quibus
311 255 369 281 me
403 254 504 280 nunc
536 242 712 291 exemplis
749 243 806 280 uti
840 243 988 281 videtis.
1044 243 1159 289 Quod
1196 255 1311 292 quum

140 297 270 335 fecisse
289 296 478 334 Socratem
507 296 545 332 in
571 295 708 332 fidibus
737 296 915 342 audirem,
936 296 1067 334 vellem
1088 296 1259 346 equidem
1280 303 1317 334 ct

140 350 258 388 illud:
286 349 479 387 discebant
507 349 606 386 cnim
642 349 780 385 fidibus
816 350 985 399 antiqui:
1024 351 1089 387 sed
1116 351 1155 387 in
1182 350 1318 388 litteris

138 408 240 441 certe
259 402 456 440 elaboravi.

187 454 256 492 IX.
286 456 352 492 27.
380 456 462 493 Nec
480 468 582 493 nunc
599 455 770 505 equidem
798 454 894 493 vires
913 455 1084 494 desidero
1103 457 1316 494 adolescen-

132 508 192 554 tis,
232 508 280 560 (is
308 509 406 547 enim
435 515 514 548 erat
541 509 646 547 locus
672 509 766 547 alter
790 509 838 545 de
865 509 963 547 vitiis
993 509 1209 561 senectutis)
1239 522 1317 547 non

131 562 215 611 plus
251 576 363 613 quam
382 563 597 600 adolescens
624 563 723 601 tauri
742 567 807 599 aut
826 562 1014 612 elephanti
1043 564 1314 601 desiderabam.

133 615 247 660 Quod
276 623 344 662 est,
375 629 419 654 eo
442 617 550 654 decet
578 616 653 661 uti;
681 621 729 661 et,
760 615 942 665 quidquid
971 629 1070 665 agas,
1101 630 1212 665 agere
1239 629 1307 666 pro

130 669 282 707 viribus.
341 671 436 716 Quae
456 671 554 707 enim
573 683 645 707 vox
672 675 796 719 potest
815 682 894 706 esse
930 671 1180 718 contemptior
1200 682 1310 719 quam

131 721 286 760 Milonis
307 723 536 762 Crotoniatae
557 723 576 760 ⁶?
604 723 679 772 qui,
701 735 813 771 quum
829 722 906 772 jam
928 735 1043 760 senex
1062 729 1169 768 esset,
1191 724 1311 761 athle-

130 782 263 826 tasque
282 790 322 814 se
339 777 378 814 in
399 777 584 814 curriculo
604 782 819 814 exercentes
848 777 1004 823 videret,
1026 777 1238 826 adspexisse
1256 777 1310 813 la-

128 835 250 868 certos
270 843 356 868 suos
374 831 523 876 dicitur,
540 830 839 879 illacrimansque
854 830 991 868 dixisse
1007 843 1015 868 :
1036 831 1090 869 At
1107 831 1146 867 ln·
1162 830 1307 880 quidem

116 883 204 933 jam
222 886 358 922 mortui
375 889 473 922 sunt.
529 884 617 921 Non
637 896 725 921 vero
743 888 820 921 tam
839 883 912 930 isti,
933 896 1045 933 quam
1063 888 1106 921 tu
1124 884 1215 933 ipse,
1235 896 1308 920 nu-

125 942 249 985 gator.
305 938 440 987 Neque
468 937 565 974 enim
587 950 634 974 ex
662 943 700 975 te
718 950 884 986 unquam
912 950 950 974 es
976 937 1208 984 nobilitatus,
1238 937 1304 974 sed

125 1002 172 1026 ex
190 990 369 1029 lateribus
396 998 434 1029 et
460 991 608 1028 lacertis
628 992 714 1028 tuis.
769 991 874 1027 Nihil
904 991 1041 1028 Sextus
1068 991 1186 1028 AElius
1214 991 1301 1035 tale,

123 1043 218 1080 nihil
233 1045 359 1082 multis
371 1045 478 1082 annis
494 1052 581 1081 ante
598 1044 769 1081 Tiberius
787 1044 1044 1081 Coruncanius
1059 1058 1067 1082 :
1083 1045 1178 1080 nihil
1192 1044 1305 1082 modo

124 1096 280 1135 Publius
301 1098 456 1135 Crassus
472 1111 480 1142 ς
503 1111 524 1134 a
536 1098 671 1146 quibus
683 1097 770 1146 jura
785 1097 927 1134 civibus
938 1098 1299 1147 praescribebantur:

123 1162 281 1198 quorum
301 1163 419 1200 usque
439 1151 486 1188 ad
515 1156 723 1188 extremum
742 1151 912 1200 spiritum
943 1156 999 1189 est
1018 1156 1194 1201 provecta
1211 1164 1301 1201 pru-

120 1203 259 1241 dentia.
307 1204 370 1241 28.
402 1203 552 1249 Orator,
582 1210 721 1249 metuo,
759 1217 808 1241 ne
844 1205 1065 1253 languescat
1093 1210 1298 1243 senectute.

120 1255 191 1294 Est
217 1257 315 1294 enim
345 1270 480 1295 munus
508 1257 588 1306 ejus
614 1269 691 1294 non
718 1257 860 1305 ingenii
887 1258 1018 1303 solum,
1048 1259 1113 1295 sed
1139 1258 1297 1296 laterum

119 1310 231 1347 etiam
247 1316 286 1349 et
305 1311 450 1348 virium.
509 1310 674 1348 Omnino
694 1323 871 1348 canorum
889 1311 984 1348 illud
1001 1311 1040 1348 in
1060 1324 1152 1349 voce
1171 1312 1297 1361 splen-

118 1363 236 1401 descit
255 1364 378 1410 etiam,
398 1364 523 1401 nescio
542 1377 616 1412 quo
630 1370 752 1413 pacm,
773 1364 812 1400 in
832 1369 1025 1402 senectute
1041 1378 1049 1402 :
1071 1365 1172 1414 quod
1192 1366 1297 1414 equi-

118 1416 203 1453 dem
241 1417 363 1454 adhuc
391 1430 467 1454 non
496 1418 628 1460 amisi3
658 1423 696 1455 et
724 1417 859 1455 videtis
896 1430 1042 1456 annos:
1073 1419 1139 1456 sed
1171 1423 1297 1456 tamen

117 1469 276 1508 decorus
303 1476 359 1509 est
384 1483 505 1508 sermo
533 1471 641 1516 senis,
664 1470 811 1519 quietus
839 1475 877 1508 et
902 1472 1101 1517 remissus3
1132 1472 1296 1521 facitque

113 1536 279 1573 persaepe
306 1525 386 1573 ipsa
418 1525 487 1561 sibi
516 1525 746 1562 audientiam
784 1524 912 1562 diserti
943 1525 1040 1562 senis
1068 1532 1218 1575 compta
1256 1531 1293 1563 ct

115 1577 215 1615 mitis
235 1579 365 1616 oratio.
399 1578 511 1623 Quod
525 1578 555 1613 si
572 1578 651 1626 ipse
670 1578 822 1627 exsequi
840 1590 1014 1627 nequeas,
1034 1579 1152 1628 possis
1167 1586 1293 1617 tamen

115 1630 280 1680 Scipioni
300 1631 503 1681 praecipere
522 1637 560 1668 et
579 1631 712 1668 Laelio.
770 1631 873 1676 Quid
894 1632 991 1668 enim
1006 1632 1214 1681 jucundius
1235 1645 1291 1669 sc-

112 1691 276 1730 nectum,
309 1685 447 1734 stipata
483 1685 616 1722 studiis
648 1684 860 1733 juventutis
874 1685 893 1722 t>
948 1686 1013 1723 29.
1044 1687 1106 1722 Au
1143 1699 1192 1723 ne
1228 1698 1290 1723 eas

109 1738 259 1786 quidem
297 1739 393 1776 vires
429 1738 614 1776 senectuti
631 1738 894 1787 relinquemus,
915 1744 957 1776 ut
990 1739 1289 1777 adolescentulos

109 1791 254 1837 doceat,
274 1792 459 1836 instituat,
480 1792 527 1828 ad
548 1804 658 1828 omne
677 1792 789 1829 officii
806 1805 941 1829 munus
960 1792 1123 1831 instruat
1141 1793 1161 1830 Ῥ
1200 1794 1288 1838 Quo

109 1846 257 1893 quidem
279 1858 390 1895 opere
410 1845 498 1894 quid
527 1851 652 1894 potest
671 1858 749 1882 esse
767 1846 981 1895 praeclarius
1000 1846 1019 1883 Ρ
1075 1846 1170 1883 Mihi
1198 1859 1287 1884 vero

111 1899 236 1936 Cneus
255 1905 295 1936 et
314 1899 471 1936 Publius
491 1899 683 1948 Scipiones
698 1905 736 1936 et
748 1900 807 1935 avi
826 1899 881 1936 tui
902 1899 988 1943 duo,
1011 1899 1152 1937 Lucius
1169 1900 1287 1937 AEmi-

108 1951 180 1988 lius
203 1958 241 1990 et
261 1952 417 1989 Publius
445 1952 657 1997 Africanus,
686 1953 866 1990 comitatu
895 1953 1077 1990 nobilium
1100 1953 1283 2002 juvenum

106 2005 289 2043 fortunati
306 2007 543 2043 videbantur.
583 2006 664 2042 Nec
683 2006 749 2042 ulli
761 2006 943 2043 bonarum
961 2006 1096 2043 artium
1115 2007 1286 2056 magistri

105 2070 180 2095 non
201 2059 302 2096 beati
321 2059 491 2108 putandi,
506 2059 672 2108 quamvis
685 2060 950 2097 consenuerint
968 2060 1064 2097 vires
1083 2065 1198 2110 atque
1216 2061 1282 2098 de·

104 2112 272 2150 fecerint.
331 2112 413 2149 Etsi
440 2112 513 2150 ista
547 2113 627 2162 ipsa
663 2113 823 2150 defectio
857 2113 991 2150 vil-inm
1021 2114 1280 2151 adoleseentiae

103 2165 202 2202 vitiis
240 2166 398 2202 efficitur
435 2166 568 2214 saepius
613 2179 725 2215 quam
762 2167 975 2204 senectutis.
1059 2167 1281 2205 Libidinosa

102 2219 240 2257 etenim
261 2224 299 2257 et
312 2219 564 2268 intemperans
578 2219 827 2258 adolescentia
839 2220 989 2257 effetum
1010 2233 1143 2270 corpus
1162 2222 1278 2259 tradit

100 2273 300 2310 senectuti.
354 2272 419 2309 30.
450 2272 571 2321 Cyrus
599 2273 750 2321 quidem
784 2274 885 2323 apud
914 2274 1203 2323 Xenophontem
1234 2287 1278 2311 eo

99 2338 281 2370 sermone,
302 2337 412 2374 quem
432 2326 593 2362 moriens
620 2326 766 2372 habuit,
795 2340 908 2376 quum
930 2328 1131 2364 admodum
1161 2340 1275 2365 senex

95 2385 202 2426 esset,
224 2385 338 2428 negat
366 2391 405 2416 se
431 2391 596 2427 unquam
629 2379 796 2426 sensisse,
817 2386 1048 2418 senectutem
1076 2394 1180 2418 suam
1201 2381 1271 2418 im-

666 2432 698 2469 B
