1496 2671
360 189 434 227 DE
463 187 642 226 BELLO
674 187 924 227 GALLICO
952 187 1059 225 LIB.
1086 187 1146 225 ΙΙ.
1294 188 1347 224 43

161 309 222 335 mo
241 296 334 334 colle
353 296 400 332 ab
415 296 590 333 hostibus
606 295 952 343 conspiciebantur.
1010 294 1062 331 Et
1076 294 1124 331 T.
1141 293 1349 338 Labienus,

160 350 295 388 castris
313 349 478 386 hostium
502 350 648 398 potitus
668 356 706 386 et
725 361 776 385 ex
794 349 878 385 loco
899 349 1108 397 superiore,
1130 360 1215 396 quae
1230 360 1291 384 res
1312 349 1350 383 in

159 402 300 440 nostris
329 404 466 439 castris
499 408 737 449 gererentur,
771 403 1026 449 conspicatus,
1060 402 1247 439 decimam
1267 401 1350 449 leg-

159 457 284 493 ionem
305 457 476 504 subsidio
491 456 633 493 nostris
644 456 763 493 misit.
822 454 899 500 Qui
919 468 1038 504 quum
1054 468 1104 492 ex
1120 455 1294 503 equitum
1313 460 1352 491 et

159 509 336 546 calonum
354 508 449 558 fuga
468 523 543 559 quo
562 510 603 546 in
632 510 715 546 loco
742 521 803 546 res
822 514 922 546 esset
950 514 1170 557 quantoque
1190 509 1230 544 in
1249 507 1352 557 peri-

158 561 244 599 culo
264 567 302 599 et
321 569 445 600 castra
465 570 502 600 et
527 563 697 612 legiones
726 569 764 600 et
783 563 991 610 imperator
1011 567 1242 606 versaretur,
1265 573 1354 610 cog-

159 616 368 660 novissent,
389 617 488 653 nihil
503 617 551 653 ad
570 617 805 654 celeritatem
827 616 900 653 sibi
920 615 1060 664 reliqui
1080 615 1271 652 fecerunt.

211 669 400 706 XXVII.
431 670 584 707 Horum
612 670 779 707 adventu
809 674 918 706 tanta
946 681 1076 705 rerum
1104 668 1354 705 commutatio

159 729 218 759 est
238 722 353 768 facta,
385 729 429 760 ut
457 723 590 768 nostri,
611 723 726 760 etiam
746 723 812 771 qui
831 722 1058 759 vulneribus
1078 720 1242 758 confecti
1263 734 1353 770 prc-

159 776 396 821 cubuissent,
417 777 536 814 scutis
564 776 704 821 innixi,
726 777 904 825 proelium
924 776 1251 823 redintegrarent3
1270 781 1354 811 tum

160 830 324 875 calones,
360 831 586 879 perterritos
619 830 751 867 hostes
786 829 1007 878 conspicati,
1040 829 1155 866 etiam
1189 828 1356 865 inermes

161 883 320 920 armatis
358 890 621 927 occurrerent3
660 884 809 931 equites
849 895 950 925 vero,
990 888 1034 919 ut
1072 881 1356 930 turpitudinem

161 934 264 985 fugae
283 937 430 974 virtute
450 937 633 980 delerent,
655 937 833 973 omnibus
861 936 902 972 in
931 936 1027 973 locis
1046 948 1187 984 pugnas
1216 948 1256 972 se
1275 935 1356 983 leg-

161 988 320 1027 ionariis
339 990 527 1027 militibus
557 989 794 1039 praeferrent.
850 990 908 1026 At
936 990 1064 1026 hostes
1093 989 1207 1026 etiam
1228 989 1268 1025 in
1288 1001 1356 1026 ex*

161 1040 285 1080 trema
322 1056 389 1092 spe
425 1044 559 1080 salutis
595 1049 742 1080 tantam
773 1043 958 1080 virtutem
992 1042 1265 1092 praestiterunt,
1300 1048 1355 1086 ut,

162 1108 281 1143 quum
319 1097 435 1146 primi
471 1110 605 1134 eorum
636 1096 877 1140 cecidissent,
917 1096 1085 1145 proximi
1133 1095 1355 1143 jacentibus

162 1149 386 1186 insisterent
405 1155 521 1198 atque
549 1162 598 1186 ex
627 1162 760 1188 eorum
789 1150 1014 1199 corporibus
1042 1155 1277 1198 pugnarent3
1297 1150 1357 1185 his

164 1202 322 1250 dejectis
343 1209 380 1239 et
399 1203 635 1240 coacervatis
665 1203 928 1248 cadaveribus,
950 1203 1017 1251 qui
1038 1209 1292 1251 superessent,
1314 1209 1358 1239 ut

165 1268 215 1293 ex
234 1256 385 1293 tumulo
403 1256 480 1293 tela
499 1256 539 1292 in
560 1262 710 1293 nostros
731 1256 967 1304 conjicerent
986 1262 1023 1293 et
1044 1257 1122 1305 pila
1142 1256 1358 1305 intercepta

164 1309 422 1346 remitterent:
442 1316 486 1346 ut
505 1322 582 1346 non
601 1310 862 1359 nequidquam
875 1315 992 1346 tantae
1007 1310 1164 1346 virtutis
1184 1310 1358 1347 homines

160 1362 329 1410 judicari
350 1364 506 1400 deberet
534 1376 645 1400 ausos
666 1375 747 1400 esse
766 1363 932 1400 transire
951 1363 1181 1399 latissimum
1200 1363 1357 1405 flumen,

167 1416 397 1453 adscendere
417 1416 621 1453 altissimas
634 1416 751 1464 ripas,
765 1416 893 1453 subire
912 1417 1198 1464 iniquissimum
1216 1416 1358 1453 locum:

167 1482 251 1518 quae
271 1469 399 1506 facilia
418 1481 468 1506 ex
496 1469 731 1506 difficillimis
762 1470 881 1507 animi
900 1470 1125 1518 magnitudo
1145 1470 1358 1519 redegerat.

222 1522 430 1559 XXVIII.
454 1523 540 1560 Hoc
568 1524 700 1572 praelio
718 1523 820 1560 facto
849 1529 886 1559 et
915 1535 1033 1572 prope
1054 1523 1101 1559 ad
1128 1523 1360 1561 internecio-

168 1588 256 1612 nem
291 1581 407 1623 gente
436 1588 479 1612 ac
507 1577 700 1613 nominem
734 1576 971 1613 Nerviorum
999 1577 1163 1621 redacto,
1197 1576 1361 1625 majores

169 1635 274 1673 natu,
294 1641 389 1677 quos
415 1628 492 1667 una
512 1642 598 1667 cum
629 1630 757 1678 pueris
785 1630 1088 1679 mulieribusque
1115 1630 1155 1666 in
1185 1632 1363 1668 aestuaria

169 1695 212 1719 ac
241 1682 398 1730 paludes
431 1683 609 1720 collectos
642 1684 875 1727 dixeramus,
907 1684 979 1720 hac
1013 1685 1143 1732 pugna
1180 1685 1363 1721 nunciata

169 1748 288 1783 quum
310 1737 519 1773 victoribus
540 1736 637 1773 nihil
656 1737 897 1786 impeditum,
915 1737 1026 1774 victis
1047 1738 1142 1773 nihil
1156 1743 1282 1774 tutum
1299 1751 1361 1775 ar-

168 1789 416 1834 bitrarentur,
438 1790 608 1827 omnium
624 1791 691 1838 qui
704 1797 929 1838 supererant
944 1803 1129 1827 consensu
1151 1791 1296 1839 legatos
1314 1792 1362 1828 ad

172 1843 362 1879 Caesarem
384 1843 569 1880 miserunt
588 1856 705 1891 seque
721 1844 754 1880 ei
772 1844 1013 1888 dediderunt,
1028 1845 1118 1880 etin
1134 1857 1362 1881 commemo-

170 1894 290 1934 randa
308 1896 477 1933 civitatis
497 1897 712 1934 calamitate
732 1909 781 1934 ex
807 1895 879 1934 DC
911 1898 958 1934 ad
989 1897 1056 1933 ΙΙΙ
1086 1904 1280 1934 senatores
1313 1911 1364 1935 ex

171 1950 369 1986 hominum
387 1950 557 1987 millibus
578 1950 654 1987 LX
676 1950 743 1986 vix
763 1951 810 1987 ad
840 1950 888 1995 D,
919 1950 985 1998 qui
1014 1963 1119 1987 arma
1147 1951 1248 1988 ferre
1276 1964 1363 2000 pos-

173 2008 268 2048 sent,
290 2015 371 2039 sese
390 2004 562 2040 redactos
582 2016 664 2041 esse
683 2004 881 2040 dixerunt.
940 2003 1045 2050 Quos
1076 2004 1215 2048 Caesar,
1250 2011 1294 2041 ut
1322 2006 1363 2041 in

173 2056 332 2092 miseros
352 2069 394 2092 ac
415 2057 606 2105 supplices
626 2070 717 2094 usus
745 2057 1008 2094 misericordia
1036 2057 1244 2103 videretur,
1275 2059 1364 2094 dili-

173 2109 395 2157 gentissime
414 2122 573 2147 conserv
577 2111 658 2147 avit
677 2111 808 2158 suisqu
813 2123 833 2146 e
852 2111 889 2146 fi
882 2111 993 2147 iibus
1008 2117 1124 2174 atque
1143 2112 1294 2160 oppidis
1307 2113 1363 2148 uti

167 2162 300 2209 jussit
321 2168 358 2199 et
379 2163 553 2200 finitimis
573 2164 787 2212 imperavit,
810 2169 852 2200 ut
872 2165 949 2202 ab
939 2162 1083 2212 injuria
1111 2170 1150 2202 et
1178 2165 1366 2226 maleficio

173 2228 214 2252 se
234 2227 396 2261 suosque
412 2229 456 2265 pr
460 2217 670 2254 ohiberent.

231 2268 394 2305 XXIX.
425 2269 633 2315 Aduatuci,
648 2271 693 2308 de
707 2271 847 2318 quibus
864 2283 979 2319 supra
993 2271 1228 2319 scripsimus,
1245 2284 1365 2319 quum

177 2322 354 2359 omnibus
384 2323 503 2370 copiis
533 2324 677 2361 auxilio
709 2324 868 2361 Nerviis
907 2325 1096 2368 venirent,
1130 2322 1203 2361 hac
1235 2327 1367 2372 pugna

177 2373 359 2412 nunciat-51
379 2388 429 2412 ex
448 2376 587 2413 itinere
606 2377 760 2413 domuin
779 2384 1023 2414 reverterunt
1044 2392 1053 2420 ;
1080 2377 1229 2414 cunctis
1257 2377 1366 2425 oppi-

178 2429 235 2465 dis
256 2429 495 2477 castellisque
517 2430 687 2474 desertis,
710 2443 774 2467 sua
797 2431 924 2467 onmia
953 2431 992 2466 in
1023 2443 1141 2467 unuin
1171 2430 1365 2477 oppidum,
