1496 2671
360 214 434 278 DI}
462 212 644 251 BELLO
675 212 926 253 GALLICO
955 213 1059 251 LIB.
1089 214 1124 251 Ι.
1293 215 1338 259 17·

145 319 260 367 XIV,
288 318 548 358 Rauracorum
570 319 736 365 XXIII,
766 320 952 358 Boiorum
971 320 1165 358 XXXII:
1195 333 1244 358 ex
1266 321 1337 367 his,

139 375 211 424 qui
229 386 335 412 arma
353 374 455 411 ferre
475 380 642 422 possent,
673 374 720 410 ad
741 374 864 410 millia
884 374 1020 412 XCII.
1080 374 1238 412 Summa
1256 387 1339 411 om·

141 428 250 465 nium
267 427 427 464 fuerunt
445 429 493 465 ad
508 427 628 464 millia
647 425 955 464 CCCLXVIII.
1014 428 1172 473 Eorum,
1186 427 1255 477 qui
1270 428 1336 465 do-

140 492 247 518 mum
275 481 485 525 redierunt,
517 492 632 517 censu
665 480 807 525 habito,
841 486 883 516 ut
905 479 1036 518 Caesar
1064 482 1335 531 imperaverat,

139 540 315 582 repertus
334 540 392 571 est
411 546 595 571 numerus
613 533 776 570 millium
797 532 829 569 C
851 540 890 570 et
912 533 964 570 X.

194 586 336 624 XXX.
365 587 477 625 Bello
497 586 767 625 Helvetiorum
786 586 975 633 confecto,
996 588 1115 624 totius
1135 587 1216 625 fere
1239 587 1336 626 Gal·
1384 614 1392 621 ‚

138 640 200 677 iiae
219 641 347 689 legati,
370 641 563 689 principes
583 641 796 684 civitatum,
817 641 865 677 ad
887 639 1078 678 Caesarem
1097 642 1334 690 gratulatum

136 700 429 731 convenerunt:
458 695 676 743 intelligere
718 706 812 737 sese,
845 694 1000 731 tametsi
1031 707 1101 741 pro
1134 695 1332 733 veteribus

139 746 412 784 Helvetiorum
431 747 585 796 injuriis
604 747 737 796 populi
757 747 923 784 Romani
943 748 991 784 ab
1011 747 1059 783 iis
1079 760 1212 795 poenas
1230 749 1332 786 bello

136 801 350 848 repetisset,
384 808 512 838 tamen
546 813 629 838 eam
659 813 740 837 rem
774 813 851 838 non
885 801 1013 838 minus
1046 813 1097 838 ex
1127 814 1199 838 usu
1220 807 1332 838 terrae

136 851 288 898 Galliae,
310 867 424 901 quam
445 854 576 902 populi
598 852 758 891 Romani
778 854 976 891 accidisse:
1006 860 1209 902 propterea
1228 856 1332 903 quod

134 919 182 943 eo
210 907 371 944 consilio
403 907 685 945 florentissimis
718 909 834 944 rebus
868 908 999 944 domos
1032 920 1120 944 suas
1154 907 1330 945 Helvetii

136 960 396 1009 reliquissent,
415 967 457 997 ut
477 961 549 998 toti
569 959 706 997 Galliae
724 961 870 997 bellum
883 960 1071 997 inferrent
1086 961 1325 1010 imperioque

135 1014 364 1062 potirentur,
384 1015 586 1062 locumque
615 1014 808 1051 domicilio
827 1027 878 1051 ex
896 1017 1038 1063 magna
1055 1015 1167 1063 copia
1184 1015 1329 1064 delige·

134 1073 233 1111 rent,
254 1080 367 1115 quem
388 1080 437 1104 ex
461 1068 565 1104 omni
595 1066 727 1104 Gallia
754 1067 1124 1116 opportunissimum
1152 1080 1196 1105 ac
1224 1068 1329 1106 fruc-

133 1121 394 1157 tuosissimum
407 1120 665 1168 judicassent,
674 1121 921 1169 reliquasque
940 1121 1118 1158 civitates
1138 1121 1324 1170 stipendi-

129 1173 233 1210 arias
265 1173 462 1210 haberent.
536 1174 750 1218 Petierunt,
781 1174 838 1210 uti
867 1174 941 1210 sibi
968 1174 1174 1211 concilium
1209 1176 1327 1213 totius

131 1224 273 1266 Galliae
287 1226 328 1262 in
344 1227 444 1263 diem
458 1234 602 1264 certam
619 1227 800 1272 indicere,
817 1228 933 1276 idque
947 1226 1110 1265 Caesaris
1125 1228 1326 1267 voluntate

129 1278 258 1316 facere
275 1280 424 1317 liceret:
453 1292 535 1317 sese
554 1281 696 1317 habere
714 1281 898 1328 quasdam
918 1293 990 1325 res,
1020 1293 1115 1328 quas
1143 1293 1194 1318 ex
1222 1294 1326 1319 com-

130 1333 240 1369 muni
267 1345 454 1371 consensu
484 1335 532 1370 ab
558 1346 604 1371 eo
624 1341 755 1382 petere
774 1334 929 1371 vellent.
985 1332 1046 1370 Ea
1064 1346 1106 1371 re
1126 1334 1324 1383 permissa,

129 1385 232 1422 diem
262 1387 424 1424 concilio
459 1387 755 1432 constituerunt,
785 1393 825 1424 et
851 1385 1119 1434 jurejurando,
1154 1400 1204 1425 ne
1236 1390 1325 1437 quis

129 1439 365 1484 enunciaret,
397 1440 472 1477 nisi
506 1441 647 1489 quibus
680 1441 872 1478 communi
905 1440 1065 1477 consilio
1099 1442 1323 1479 mandatum

128 1499 244 1537 esset,
263 1493 365 1529 inter
385 1506 425 1530 se
444 1500 669 1530 sanxerunt.

183 1545 351 1582 XXXI.
381 1546 440 1583 Eo
457 1547 619 1584 concilio
638 1547 807 1592 dimisso,
835 1547 950 1584 iidem
970 1547 1165 1596 principes
1184 1548 1322 1586 civita-

128 1606 223 1643 tum,
244 1600 311 1648 qui
331 1608 420 1637 ante
446 1599 601 1637 fuerant
619 1601 668 1637 ad
689 1599 893 1645 Caesarem,
921 1607 1177 1645 reverterunt,
1199 1603 1321 1650 petie-

127 1658 306 1702 runtque,
327 1654 383 1689 uti
403 1654 477 1690 sibi
497 1661 643 1690 secreto
662 1653 702 1690 in
721 1654 871 1691 occulto
899 1654 947 1690 de
975 1656 1045 1690 sua
1072 1656 1321 1704 omniumque

125 1705 250 1743 salute
281 1718 368 1743 cum
399 1719 444 1743 eo
477 1719 591 1754 agere
623 1707 771 1744 liceret,
826 1705 885 1744 Ea
918 1720 960 1744 re
990 1707 1207 1755 impetrata,
1238 1721 1320 1746 sese

124 1771 257 1796 omnes
275 1759 411 1797 flentes
431 1759 573 1797 Caesari
592 1761 640 1797 ad
661 1761 778 1809 pedes
806 1759 1065 1809 projecerunt:
1094 1774 1171 1798 non
1191 1762 1320 1799 minus

126 1824 167 1850 se
198 1813 239 1849 id
271 1814 502 1850 contendere
534 1820 574 1850 et
605 1814 791 1857 laborare,
826 1827 874 1851 ne
907 1827 966 1858 ea,
998 1827 1082 1862 quae
1115 1815 1317 1860 dixissent,

126 1867 436 1909 enunciarentur‚
457 1879 572 1915 quam
593 1867 650 1903 uti
677 1880 732 1911 ea,
753 1880 838 1915 quae
870 1867 1028 1911 vellent,
1047 1867 1317 1915 impetrarent3

125 1926 327 1967 propterea
353 1921 466 1968 quod,
496 1921 528 1957 si
549 1921 796 1957 enunciatum
816 1927 929 1965 esset,
957 1932 1147 1957 summum
1167 1921 1208 1957 in
1228 1933 1316 1958 cru-

123 1972 267 2009 ciatum
287 1986 327 2010 se
346 1979 530 2010 venturos
548 1974 739 2010 viderent.
795 1973 967 2011 Locutus
987 1980 1045 2010 est
1072 1986 1142 2021 pro
1163 1974 1224 2011 his
1245 1974 1314 2011 Di-

126 2025 289 2062 vitiacus
308 2026 478 2064 AEduus:
510 2025 649 2064 Gallice
667 2028 788 2063 totius
808 2027 994 2064 factiones
1014 2039 1095 2064 esse
1114 2028 1224 2065 duas:
1245 2028 1314 2066 ha-

123 2090 211 2114 rum
230 2079 387 2116 alterius
414 2081 672 2129 principatum
700 2086 832 2118 tenere
852 2080 1018 2128 AEduos,
1046 2080 1206 2119 alterius
1235 2082 1314 2118 Ar·

125 2144 276 2168 vernos.
340 2132 395 2169 Hi
427 2146 545 2181 quum
579 2141 779 2183 tantopere
813 2135 859 2171 de
893 2141 1093 2182 potentatu
1132 2135 1235 2172 inter
1272 2147 1313 2173 se

123 2185 262 2222 multos
283 2197 402 2222 annos
420 2188 706 2231 contenderent,
723 2187 868 2225 factum
881 2200 974 2230 esse,
989 2189 1044 2224 uti
1058 2189 1105 2224 ab
1117 2187 1311 2225 Arvernis

127 2238 390 2286 Sequanisque
411 2238 595 2286 Germani
611 2241 785 2278 mercede
801 2246 1096 2278 arcesserentur.
1148 2241 1310 2278 vHorum

121 2292 246 2340 primo
283 2292 436 2329 circiter
473 2292 593 2331 millia
628 2293 711 2331 XV
739 2295 920 2332 Rhenum
956 2294 1153 2332 transisse:
1181 2301 1309 2343 poste-

121 2356 260 2392 aquam
293 2357 406 2393 agros
436 2352 474 2382 et
503 2347 648 2383 cultum
681 2353 719 2384 et
751 2349 882 2397 copias
904 2346 1106 2385 Gallorum
1134 2348 1308 2384 homines

121 2397 194 2434 feri
214 2410 257 2435 ac
287 2399 441 2435 barbari
471 2399 722 2445 adamassem,
755 2401 1000 2438 transductos
1030 2401 1175 2449 plures:
1205 2413 1308 2437 nunc

118 2462 202 2488 esse
220 2451 260 2487 in
283 2450 412 2488 Gallia
431 2452 478 2488 ad
499 2451 530 2488 C
552 2458 590 2490 et
610 2453 696 2489 XX
715 2454 876 2490 millium
892 2466 1111 2491 numerum:
1141 2466 1228 2490 cum
1247 2454 1308 2491 his

696 2517 719 2541 B
