1496 2671
254 150 303 187 42
601 148 764 187 Lusca
795 147 1070 197 QUARTUS.

253 256 408 296 istimari
425 261 560 306 potest,
582 258 682 307 quod
707 257 806 297 intra
831 257 1062 295 munimenta
1087 255 1189 295 urbis
1215 268 1280 294 sex
1303 255 1420 295 millia

253 316 479 350 armatorum
505 311 691 350 trucidata
708 316 807 350 sunt.
864 312 988 350 Triste
1005 310 1141 348 deinde
1168 311 1419 360 spectaculum

253 363 455 403 victoribus
468 364 524 402 ira
541 366 711 414 praebuit
724 365 822 415 regis
843 378 850 403 :
881 365 957 402 duo
983 364 1108 410 millia,
1127 363 1168 402 in
1195 364 1329 414 quibus
1355 377 1418 402 oc-

253 416 402 457 cidendi
438 417 622 457 defecerat
662 419 793 466 rabies,
831 418 1000 457 crucibus
1037 418 1148 463 affixi,
1184 430 1250 468 per
1284 418 1419 468 ingens

251 472 370 510 litoris
403 472 560 522 spatium
587 473 854 523 pependerunt.
913 471 1261 521 Carthaginensium
1287 472 1420 521 legatis

254 525 431 576 pepercit,
458 526 585 565 addita
603 527 890 565 denunciatione
916 525 1015 571 belli,
1043 525 1143 575 quod
1169 527 1420 575 praesentium

254 592 377 617 rerum
395 580 592 619 necessitas
611 585 828 618 moraretur.

308 633 416 671 XIX·
447 634 568 684 Tyrus
588 635 744 684 septimo
764 646 889 671 mense
916 645 1028 682 quam
1054 633 1262 683 oppugnari
1289 637 1421 683 coepta

257 693 336 725 erat
363 691 470 737 capta
497 694 577 731 est;
607 689 706 734 urbs,
736 693 773 725 et
810 691 997 725 vetustate
1031 687 1198 735 originis,
1227 692 1266 725 et
1292 687 1421 724 crebra

255 743 426 780 fortunae
463 742 641 780 varietate
678 742 725 779 ad
758 741 970 778 memoriam
998 739 1226 789 posteritatis
1252 740 1420 789 insignis.

259 795 421 833 Condita
440 795 486 832 ab
505 795 692 845 Agenore,
711 794 775 832 diu
795 807 906 839 mare,
926 806 1001 831 non
1027 794 1189 831 vicinum
1215 793 1338 839 modo,
1359 794 1425 831 sed

256 849 516 899 quodcumque
543 849 675 886 classes
703 848 781 897 ejus
809 849 995 892 adierunt,
1015 847 1167 886 ditionis
1194 860 1282 885 suae
1306 846 1423 892 feeit;

257 909 306 949 et,
327 903 356 940 si
375 903 494 940 famae
520 903 612 940 libet
639 903 800 949 eredere,
828 902 919 940 haec
945 914 1037 951 gens
1064 901 1190 940 literas
1215 901 1334 951 prima
1361 906 1427 939 aut

258 956 397 1000 docuit,
413 962 479 994 aut
492 956 634 994 didicit.
693 956 872 994 Coloniae
890 961 990 994 certe
1004 955 1084 1005 ejus
1101 967 1220 1004 paene
1237 955 1328 992 orbe
1345 959 1428 993 toto

258 1011 413 1048 diffusae
432 1015 542 1055 sunt;
575 1009 765 1060 Carthago
793 1011 830 1047 in
860 1009 997 1055 Africa,
1026 1009 1066 1046 in
1087 1008 1243 1047 Boeotia
1262 1008 1426 1053 Thebae,
1453 1042 1456 1046 .

261 1064 386 1101 Gades
418 1064 465 1101 ad
495 1063 698 1107 Oceanum.
756 1064 878 1102 Credo
905 1063 1022 1101 libero
1049 1066 1297 1100 commeantes
1323 1063 1427 1109 mari,

259 1118 478 1168 saepiusque
506 1118 679 1155 adeundo
719 1119 849 1156 ceteris
894 1117 1103 1166 incognitas
1135 1121 1264 1162 terras,
1293 1115 1430 1164 elegise

259 1172 364 1210 sedes
378 1171 570 1221 juventuti
587 1185 660 1222 qua
679 1177 769 1210 tunc
797 1172 1037 1210 abundabant
1058 1184 1066 1208 ε
1095 1184 1160 1208 seu
1187 1170 1274 1220 quia
1292 1171 1430 1209 crebris

261 1226 421 1263 motibus
440 1224 571 1272 terrae,
592 1239 677 1263 nam
705 1226 777 1263 hoe
795 1234 941 1276 quoque
969 1225 1141 1270 traditur,
1162 1225 1323 1263 cultores
1350 1223 1430 1274 ejus

260 1279 417 1329 fatigati,
438 1292 536 1317 nova
563 1285 600 1318 et
627 1286 781 1318 externa
809 1280 994 1317 domicilia
1022 1279 1132 1316 armis
1151 1278 1298 1317 sibimet
1315 1291 1428 1328 quae-

262 1347 342 1371 rere
361 1334 604 1382 cogebantur.
658 1333 790 1371 Multis
809 1345 898 1383 ergo
917 1333 1060 1371 casibus
1082 1332 1269 1378 defuncta,
1289 1337 1328 1370 et
1344 1339 1430 1383 post

262 1387 447 1425 excidium
466 1392 605 1432 renata,
626 1400 727 1424 nunc
745 1387 896 1425 tandem
923 1387 1036 1435 longa
1061 1398 1153 1435 pace
1181 1390 1316 1424 cuncta
1333 1386 1429 1424 refo-

263 1445 386 1486 vente,
406 1441 474 1478 sub
492 1441 612 1479 tutela
631 1441 825 1478 Romanae
843 1440 1138 1478 mansuetudinis
1158 1439 1375 1489 adquiescit.

317 1495 401 1532 XX.
423 1495 458 1532 5.
481 1495 616 1532 lisdem
633 1495 748 1532 ferme
767 1495 898 1532 dicbus
913 1494 1020 1532 Darii
1038 1494 1168 1532 literae
1182 1493 1315 1532 allatae
1329 1499 1429 1541 sunt,

263 1549 414 1587 tandem
433 1553 476 1587 ut
494 1549 573 1597 regi
593 1549 761 1598 scriptae.
818 1548 976 1587 Petebat
1002 1548 1058 1586 uti
1082 1548 1193 1585 filiam
1213 1559 1328 1594 suam,
1347 1548 1432 1588 Sta-

263 1604 356 1640 tirae
384 1608 463 1640 erat
490 1615 637 1648 nomen,
675 1603 815 1652 nuptiis
842 1602 1056 1640 Alexander
1093 1601 1162 1639 sibi
1194 1601 1428 1652 adjungeret.

264 1656 404 1695 Dotem
432 1656 509 1693 fore
537 1669 684 1693 omnem
720 1657 910 1705 regionem
947 1657 1045 1694 inter
1076 1655 1364 1705 Hellespontum
1392 1663 1430 1695 et

265 1710 394 1760 Halyn
413 1723 558 1747 amnem
577 1710 684 1747 sitam
702 1724 709 1747 :
731 1710 819 1747 inde
835 1710 1029 1748 Orientem
1048 1710 1308 1759 spectantibus
1319 1712 1432 1749 terris

265 1769 483 1802 contentum
504 1777 542 1801 se
560 1764 649 1801 fore.
708 1764 746 1801 Si
766 1764 862 1802 forte
889 1764 1079 1802 dubitaret
1106 1762 1207 1812 quod
1234 1763 1431 1803 offerretur

265 1819 435 1867 accipere
454 1831 463 1862 ;
493 1830 683 1867 nunquam
703 1818 767 1855 diu
787 1817 917 1855 eodem
935 1817 1093 1866 vestigio
1111 1823 1210 1856 stare
1227 1817 1428 1864 fortunam,

264 1884 481 1921 semperque
500 1872 666 1908 homines
685 1876 1009 1921 quantancumque
1022 1871 1237 1910 felicitatem
1254 1871 1428 1918 habeant,

264 1926 441 1963 invidiam
460 1930 585 1963 tamen
604 1926 742 1963 sentire
769 1925 956 1974 majorem.
1012 1924 1154 1971 Vereri,
1175 1938 1224 1962 ne
1250 1938 1290 1963 se
1307 1926 1430 1964 avium

266 1980 388 2021 modo,
409 1993 500 2029 quas
519 1980 699 2017 naturalis
724 1979 855 2017 levitas
875 1985 1002 2028 ageret
1030 1979 1077 2017 ad
1105 1979 1237 2025 sidera,
1266 1979 1369 2017 inani
1387 1993 1431 2019 ac

264 2034 398 2083 puerili
425 2034 560 2070 mentis
596 2033 729 2071 affectu
765 2033 935 2071 efferret:
975 2032 1080 2070 Nihil
1117 2033 1304 2070 difficilius
1337 2046 1427 2081 esse,

267 2099 375 2136 quam
394 2087 433 2124 in
452 2087 514 2124 illa
532 2091 654 2124 aetate
681 2090 822 2125 tantam
842 2099 973 2136 capere
993 2087 1203 2125 fortunam:
1232 2087 1373 2126 Multas
1392 2102 1430 2127 se

270 2140 391 2178 adhuc
419 2140 592 2190 reliquias
620 2141 766 2187 habere,
787 2153 856 2178 nec
883 2153 1026 2190 semper
1051 2141 1090 2178 in
1118 2141 1299 2191 angustiis
1324 2154 1431 2191 posse

267 2194 519 2244 deprehendi:
550 2194 819 2232 transeundum
847 2207 925 2232 esse
951 2194 1169 2232 Alexandro
1197 2195 1428 2245 Euphraten,

270 2247 477 2297 Tigrinque
495 2253 532 2285 et
559 2248 721 2294 Araxen,
743 2254 781 2286 et
802 2247 1018 2298 Hydaspen,
1039 2261 1176 2298 magna
1201 2249 1432 2290 munimenta

267 2301 373 2350 reg-ni
401 2301 482 2338 sui:
528 2302 751 2339 veniendum
778 2301 818 2339 in
854 2315 1012 2352 campos,
1041 2303 1106 2340 ubi
1132 2303 1319 2353 paucitate
1343 2317 1429 2343 suo-

267 2367 349 2392 rum
377 2355 668 2393 erubescendum
696 2356 772 2393 sit:
804 2356 979 2403 Mediam,
1009 2356 1250 2408 Hyrcaniam,
1281 2356 1429 2405 Bactra,

267 2413 303 2448 et
332 2409 444 2448 Indos
484 2408 622 2447 Oceani
662 2409 805 2447 accolas
832 2410 983 2459 quando
1010 2411 1197 2450 aditurum
1212 2411 1239 2450 :³¹
1259 2423 1307 2450 ne
1335 2412 1429 2463 Sog²
