1496 2671
164 154 210 190 12
497 152 767 191 CORNELII
797 154 1041 193 NEPOTIS

161 259 264 298 CAP.
304 260 381 297 VI.
443 259 621 310 Confecto
660 260 765 304 hello,
804 261 1068 299 Themistocles
1106 275 1234 300 muros
1272 276 1350 300 res-

695 316 808 352 tinnit.

214 388 398 427 MAGNUS
431 389 472 426 in
504 391 576 428 hoc
609 391 710 428 bello
732 391 1010 429 Themistocles
1029 392 1115 436 fuit,
1136 405 1207 431 nec
1227 394 1352 431 minor

159 443 201 479 in
221 456 325 492 pace.
385 442 514 490 Quum
546 445 651 481 enim
680 444 879 482 Phalerico
913 451 1039 494 portu,
1059 458 1183 495 neque
1212 460 1352 496 magno

160 509 286 545 neque
322 498 423 535 bono
461 498 722 535 Athenienses
768 504 982 544 uterentur,
1029 499 1146 548 hujus
1193 501 1353 538 consilio

159 550 306 599 triplex
338 549 464 589 Piraei
497 558 630 600 portus
650 552 883 589 constitutus
902 558 987 596 est3
1016 553 1124 600 isque
1153 555 1353 591 moenibus

160 603 432 650 circumdatus,
454 611 496 642 ut
530 605 653 654 ipsam
684 607 820 643 urbem
853 606 1043 655 dignitate
1074 608 1352 655 aequipararet,

159 657 328 695 utilitate
365 666 576 707 superaret.
652 658 838 707 Idemque
881 672 1010 697 muros
1053 658 1353 699 Atheniensium

158 711 333 749 restituit
350 713 557 761 praecipuo
576 713 747 762 periculo
763 726 847 750 suo.
902 713 1083 763 Namque
1101 713 1354 753 Lacedaemo-

160 765 229 809 nii,
251 778 405 803 causam
424 766 602 804 idoneam
621 767 736 810 nacti,
758 773 914 816 propter
942 768 1194 805 barbarorum
1215 780 1353 806 excur-

161 819 300 865 siones,
335 822 412 868 qua
449 826 632 869 negarent
669 827 845 870 oportere
892 827 1004 858 extra
1050 819 1354 871 Peloponnesum

159 872 278 910 ullam
297 875 435 910 urbem
453 874 600 917 haberi,
621 886 670 911 ne
689 881 816 911 essent
834 874 918 911 loca
937 874 1098 920 munita,
1112 887 1211 923 quae
1225 875 1355 913 hostes

159 926 413 975 possiderent,
448 925 710 965 Athenienses
740 928 986 965 aedificantes
1023 929 1227 976 prohibere
1265 935 1356 967 sunt

160 980 301 1019 conati.
359 980 448 1019 Hoc
479 981 594 1030 longe
623 981 698 1019 alio
731 983 928 1030 spectabat
960 987 1074 1030 atque
1103 982 1231 1020 videri
1248 982 1354 1020 vole·-

160 1034 270 1071 bant.
326 1033 590 1072 Athenienses
610 1035 714 1072 enim
734 1035 883 1073 duabus
901 1035 1088 1081 victoriis,
1110 1034 1357 1074 Marathonia

161 1093 201 1125 et
223 1086 444 1135 Salaminia,
464 1094 613 1126 tantam
632 1088 795 1138 gloriam
813 1089 916 1138 apud
935 1102 1066 1127 omnes
1093 1095 1228 1138 gentes
1246 1095 1357 1127 erant

161 1142 369 1187 consecuti,
391 1149 435 1180 ut
445 1142 719 1192 ,intelligerent
738 1142 1045 1189 Lacedaemonii,
1067 1144 1114 1181 de
1133 1143 1356 1192 principatu

160 1195 236 1233 sibi
256 1208 345 1233 cum
362 1196 423 1233 his
442 1202 638 1234 certamen
657 1195 762 1234 fore:
791 1209 910 1245 quare
942 1209 1006 1235 eos
1038 1209 1154 1245 quam
1173 1197 1356 1234 infirmis-

161 1249 278 1287 simos
297 1262 382 1288 esse
401 1250 597 1287 volebant.
645 1248 852 1299 Postquam
864 1255 992 1288 autem
1005 1251 1212 1288 audierunt
1226 1263 1356 1289 muros

161 1302 315 1348 instrui,
336 1303 483 1352 legatos
503 1302 680 1341 Athenas
709 1305 896 1341 miserunt
916 1305 983 1353 qui
1002 1304 1043 1341 id
1061 1304 1147 1341 fieri
1167 1309 1356 1342 vetarent.

161 1356 240 1394 His
272 1358 541 1406 praesentibus
573 1358 784 1402 desierunt,
804 1371 848 1395 ac
878 1370 919 1395 se
952 1358 999 1394 de
1018 1355 1064 1396 ea
1081 1370 1124 1395 re
1142 1358 1290 1407 legatos
1309 1358 1358 1395 ad

162 1422 227 1447 eos
265 1411 451 1448 missuros
487 1412 684 1449 dixerunt.
760 1411 874 1449 Hanc
911 1412 1143 1460 legationem
1189 1411 1359 1461 suscepit

164 1463 456 1510 Themistocles,
488 1471 527 1502 et
560 1465 662 1503 solus
696 1466 820 1514 primo
858 1464 1053 1513 profectus
1089 1471 1175 1509 est3
1215 1465 1358 1514 reliqui

161 1517 281 1568 legati
311 1523 355 1555 ut
384 1524 467 1556 tum
501 1520 665 1565 exirent,
686 1532 806 1567 quum
840 1519 932 1556 satis
965 1519 1128 1556 altitudo
1157 1519 1260 1556 muri
1287 1531 1357 1556 ex-

163 1576 311 1610 structa
330 1572 540 1618 videretur,
562 1573 774 1622 praecepit;
794 1573 951 1609 interim
971 1584 1102 1610 omnes
1121 1573 1225 1609 servi
1245 1576 1358 1620 atque

162 1625 277 1664 liberi
310 1638 406 1675 opus
440 1626 624 1671 facerent,
645 1639 770 1675 neque
800 1626 870 1662 ulli
901 1626 984 1663 loco
1019 1630 1234 1674 parcerent,
1275 1626 1357 1663 sive

162 1692 270 1718 sacer
288 1685 399 1725 esset,
420 1680 503 1717 sive
522 1680 720 1729 profanus,
738 1680 820 1717 sive
839 1679 1030 1728 privatus,
1048 1679 1131 1717 sive
1149 1679 1328 1728 publicus
1344 1694 1355 1723 3

163 1738 203 1770 et
235 1734 417 1782 undique,
449 1735 552 1782 quod
583 1734 764 1771 idoneum
795 1734 843 1770 ad
877 1733 1129 1770 muniendum
1161 1737 1358 1781 putarent,

163 1798 427 1837 congererent.
486 1786 573 1833 Quo
605 1787 750 1825 factum
769 1793 839 1830 est,
862 1793 903 1823 ut
935 1786 1237 1824 Atheniensium
1257 1787 1358 1823 muri

165 1853 215 1878 ex
235 1841 384 1880 sacellis
404 1841 666 1891 sepulcrisque
686 1845 919 1879 constarent.

681 1949 841 1959 ——--

166 2012 269 2052 CAP-
289 2013 386 2052 VII.
439 2013 660 2064 Spartanos
679 2020 764 2051 carce
783 2014 904 2051 elusos
932 2013 1198 2051 Themistocles
1216 2015 1360 2051 acriter

632 2067 887 2118 reprehendit.

220 2143 542 2180 THEMISTOCLES
563 2150 701 2188 autem,
717 2150 760 2180 ut
773 2143 1095 2181 Lacedaemonem
1117 2143 1237 2189 venit,
1251 2143 1356 2181 adire

165 2196 214 2233 ad
245 2198 497 2246 magistratus
530 2197 666 2239 noluit,
688 2203 726 2234 et
756 2198 862 2234 dedit
890 2210 1058 2246 operam,
1079 2203 1122 2234 ut
1141 2210 1256 2245 quam
1274 2197 1357 2234 lon-

165 2250 322 2300 gissime
341 2256 493 2299 tempus
507 2251 674 2294 duceret,
692 2264 845 2288 causam
860 2251 1121 2299 interponens,
1140 2263 1180 2288 se
1194 2250 1357 2298 collegas

167 2309 403 2352 exspectare.
462 2303 593 2349 Quum
630 2303 921 2342 Lacedaemonii
960 2309 1224 2353 quererentur,
1261 2314 1356 2351 opus

166 2358 418 2395 nihilominus
449 2358 546 2402 fieri,
567 2370 729 2407 eumque
762 2361 804 2395 ea
827 2372 868 2395 re
888 2359 1019 2395 conari
1038 2357 1180 2402 fallere,
1202 2355 1356 2392 interim

137 2460 141 2464 Ι
167 2412 306 2461 reliqui
327 2412 442 2460 legati
465 2418 553 2448 sunt
574 2412 782 2449 consecuti„
840 2413 877 2448 A
894 2412 1033 2459 quibus
1046 2422 1161 2460 quum
1176 2409 1353 2452 audisset,
