1496 2671
235 146 285 183 18
594 140 891 185 AGRICOLAE
916 147 1064 185 VITA.

241 253 291 290 tia
319 252 524 298 remittere,
544 254 743 302 quominus
765 253 1003 303 juventutem
1024 257 1225 301 armarent,
1245 255 1426 305 conjuges

239 319 282 344 ac
301 306 438 344 liberos
457 306 497 343 in
515 307 598 344 loca
616 312 701 346 tuta
719 308 979 353 transferrent,
999 308 1157 346 coetibus
1176 321 1219 346 ac
1238 309 1426 347 sacrificiis

238 360 553 409 conspirationem
581 361 775 399 civitatum
803 363 990 400 sancirent
1011 374 1019 399 ε
1049 366 1163 411 atque
1181 362 1235 400 ita
1262 362 1426 402 inritatis

240 413 429 463 utrimque
449 414 581 452 animis
600 415 816 453 discessum.

293 467 484 505 XXVIII.
515 468 660 506 Eadem
688 473 819 507 aestate
837 469 970 507 cohors
991 467 1221 518 Usipiorum,
1241 482 1309 519 per
1329 469 1425 508 Ger-

238 521 379 558 manias
400 522 623 572 conscripta,
644 527 683 561 et
696 523 735 560 in
755 523 991 560 Britanniam
1003 522 1229 569 transmissa,
1247 536 1424 573 magnum

236 587 277 611 ac
299 575 540 613 memorabile
566 575 709 614 facinus
737 589 825 613 ausa
853 580 920 613 est.
979 575 1115 613 Occiso
1135 577 1354 615 centurione
1382 590 1426 615 ac

237 628 429 675 militibus,
451 629 514 678 qui
541 630 590 667 ad
608 630 830 668 tradendam
859 629 1094 679 disciplinam
1123 629 1288 668 immixti
1305 631 1424 668 mani-

234 681 342 730 pulis,
366 683 580 732 exemplum
599 688 638 722 et
665 688 830 721 rectores
849 683 1098 729 habebantur,
1119 687 1195 722 tres
1209 683 1424 731 liburnicas,

235 736 378 774 adactis
396 749 463 786 per
482 737 556 773 vim
575 737 904 786 gubernatoribus,
924 736 1126 774 ascendere
1142 751 1150 775 :
1171 742 1210 775 et
1224 750 1302 775 uno
1315 738 1426 776 remi-

232 795 380 837 grante,
391 791 572 840 suspectis
587 791 745 836 duobus,
756 803 873 840 eoque
887 790 1106 836 interfectis,
1115 791 1284 828 nondum
1295 791 1427 842 vulga-

236 851 277 880 to
298 856 459 889 rumore,
476 849 518 881 ut
531 844 752 881 miraculum
773 845 1099 894 provehebantur:
1122 857 1211 882 mox
1223 845 1295 883 hac
1313 850 1426 894 atque

235 896 297 933 illa
318 897 428 946 rapti,
451 901 489 934 ct
517 910 602 934 cum
621 898 809 947 plerisque
830 897 1103 936 Britannorum
1132 911 1198 936 sua
1226 896 1423 937 defensan-

236 951 329 987 tium
352 950 483 999 proelio
503 951 700 999 congressi,
723 965 765 989 ac
785 964 884 1001 saepe
902 951 1074 998 victores,
1091 952 1294 1002 aliquando
1313 953 1422 1003 pulsi,

238 1017 280 1040 eo
301 1004 348 1041 ad
369 1008 577 1042 extremum
603 1005 739 1055 inopiae
756 1018 903 1052 venere,
914 1010 955 1044 ut
969 1005 1242 1044 infirmissimos
1257 1018 1424 1053 suorum,

239 1070 325 1094 :nox
363 1063 464 1096 sorte
502 1058 636 1097 ductos
665 1064 934 1098 vescerentur:
964 1064 1077 1108 atque
1103 1061 1158 1098 ita
1186 1061 1425 1100 circumvecti

238 1111 487 1158 Britanniam,
508 1113 652 1150 amissis
670 1125 737 1163 per
762 1113 948 1152 inscitiam
978 1114 1137 1162 regendi
1164 1115 1334 1160 navibus,
1355 1127 1423 1164 pro

234 1164 476 1213 praedonibus
494 1166 626 1213 habiti,
656 1167 818 1217 primum
849 1181 871 1205 a
891 1167 1034 1214 Suevis,
1063 1180 1151 1205 mox
1170 1180 1195 1205 a
1211 1167 1339 1205 Frisiis
1366 1169 1425 1206 in-

233 1220 393 1268 tercepti
412 1225 500 1258 sunt
516 1234 524 1258 ε
547 1233 590 1258 ac
607 1221 723 1267 fuere,
739 1233 831 1269 quos
845 1234 912 1271 per
924 1221 1147 1259 commercia
1162 1222 1423 1266 venumdatos,

235 1272 319 1310 etin
333 1280 501 1311 nostram
515 1286 631 1323 usque
645 1275 763 1324 ripam
783 1275 992 1313 mutatione
1007 1275 1212 1313 ementium
1227 1275 1422 1321 adductos,

234 1326 415 1364 indicium
434 1328 532 1366 tanti
545 1341 648 1366 casus
668 1328 894 1366 inlustravit.
944 1328 1059 1366 Initio
1073 1329 1215 1367 aestatis
1231 1328 1422 1378 Agricola,

236 1380 443 1418 domestico
463 1381 617 1419 vulnere
636 1382 745 1427 ictus,
768 1394 867 1419 anno
888 1387 976 1420 ante
995 1386 1128 1420 natum
1147 1382 1266 1419 filium
1286 1383 1423 1421 amisit.

236 1434 359 1478 Quem
378 1447 505 1471 casum
534 1447 666 1483 neque,
688 1439 731 1473 ut
759 1435 928 1485 plerique
954 1436 1110 1474 fortium
1136 1436 1316 1484 virorum,
1343 1449 1422 1474 am-

232 1487 378 1533 bitiose,
409 1500 530 1536 neque
558 1501 625 1538 per
644 1489 810 1527 lamenta
836 1502 964 1527 rursus
993 1502 1036 1527 ac
1065 1502 1263 1528 moerorem
1291 1490 1422 1529 mulie-

231 1541 349 1578 briter
367 1542 457 1579 tulit
477 1554 486 1578 ε
516 1547 554 1580 et
574 1543 614 1579 in
627 1543 733 1581 luctu
751 1543 893 1580 bellum
911 1543 1010 1582 inter
1038 1543 1204 1582 remedia
1222 1548 1315 1583 erat.

290 1595 436 1633 XXIX.
468 1595 591 1645 Igitur
627 1597 817 1646 praemissa
845 1597 973 1644 classe,
1013 1610 1097 1648 quae
1125 1597 1296 1648 pluribus
1330 1597 1422 1636 locis

232 1649 413 1697 praedata,
429 1662 608 1699 magnum
624 1658 662 1689 et
679 1652 866 1689 incertum
881 1656 1064 1690 terrorem
1079 1651 1230 1698 faceret,
1245 1651 1422 1702 expedito

233 1702 413 1750 exercitu,
435 1704 496 1741 cui
515 1717 562 1741 ex
583 1703 778 1743 Britannis
805 1704 1037 1751 fortissimos,
1058 1710 1095 1744 et
1115 1706 1231 1755 longa
1247 1718 1339 1756 pace
1357 1717 1421 1743 ex—

231 1755 396 1804 ploratos
405 1757 614 1804 addiderat,
632 1759 680 1796 ad
694 1762 862 1796 montem
879 1758 1102 1809 Grampium
1116 1759 1298 1810 pervenit,
1313 1771 1423 1807 quem

226 1810 307 1858 jam
328 1811 456 1849 hostes
470 1812 702 1851 insederant.
729 1814 828 1850 Nam
847 1813 1035 1859 Britanni,
1049 1814 1142 1851 nihil
1160 1813 1269 1851 fracti
1282 1825 1420 1863 pugnae

234 1864 369 1912 prioris
389 1870 538 1911 eventu,
569 1870 606 1904 et
626 1867 808 1905 ultionem
837 1873 903 1906 aut
923 1867 1117 1906 servitium
1145 1872 1419 1916 exspectantes,

232 1918 463 1968 tandemque
482 1920 596 1966 docti,
616 1933 815 1959 commune
834 1921 1042 1971 periculum
1055 1921 1255 1959 concordia
1268 1922 1420 1971 propul-

235 1972 407 2018 sandum,
446 1973 698 2022 legationibus
734 1980 772 2014 et
800 1975 1002 2014 foederibus
1029 1975 1195 2013 omnium
1223 1975 1417 2014 civitatum

233 2026 330 2063 vires
350 2027 578 2066 exciverant.
633 2029 795 2078 Jamque
815 2042 926 2079 super
944 2029 1103 2078 triginta
1121 2028 1238 2067 millia
1257 2034 1418 2068 armato-

232 2092 316 2116 rum
333 2080 620 2129 aspiciebantur,
643 2087 680 2120 ct
691 2084 814 2121 adhuc
830 2083 1017 2121 adfluebat
1036 2084 1158 2121 omnis
1170 2083 1364 2133 juventus,
1381 2089 1419 2123 et-

234 2133 367 2181 quibus
387 2135 504 2173 cruda
522 2149 565 2173 ac
584 2136 713 2175 viridis
733 2142 915 2182 senectus,
936 2136 1026 2173 clari
1045 2137 1153 2184 bello,
1174 2150 1217 2175 ac
1237 2149 1304 2175 sua
1318 2137 1415 2186 quis-

235 2199 307 2235 que
327 2188 462 2226 decora
481 2194 673 2238 gestantes
694 2204 702 2228 ε
725 2204 809 2229 eum
830 2191 930 2229 inter
948 2190 1073 2240 plures
1092 2191 1206 2229 duces
1224 2190 1365 2229 virtute
1380 2197 1418 2231 et

239 2252 379 2289 genere
417 2247 613 2290 praestans,
648 2245 800 2282 nomine
830 2244 1031 2293 Galgacus,
1061 2245 1162 2295 apud
1189 2249 1420 2283 contractam

235 2294 530 2342 multitudinem,
569 2297 740 2346 proelium
777 2304 1006 2348 poscentem,
1052 2299 1093 2336 in
1128 2299 1229 2337 hunc
1264 2298 1417 2337 modum

235 2348 380 2386 locutus
399 2348 529 2388 fertur.

290 2402 416 2440 XXX.
448 2407 472 2425 “
489 2404 674 2450 Quotiens
703 2418 833 2446 causas
859 2406 960 2455 belli,
982 2411 1021 2446 et
1039 2406 1299 2446 necessitatem
1327 2418 1413 2445 nos-
