1496 2671
347 126 546 167 LAELIUS
575 127 651 164 DE
677 126 940 165 AMICITIA.
1180 129 1230 165 ‘23

60 237 257 275 amicitiam
277 240 397 273 essent
414 233 546 279 idonei,
561 232 777 281 judicarent.
837 233 929 272 Sunt
947 235 1047 283 igitur
1074 235 1165 272 firmi
1194 242 1229 272 et

58 291 202 329 stabiles
227 296 264 327 et
290 294 494 326 constantes
521 287 698 334 eligendi3
727 286 832 336 qu'us
859 289 996 349 generis
1022 294 1076 326 est
1101 301 1230 337 magna

61 344 235 395 penuria:
267 348 304 378 et
335 340 498 390 judicare
527 339 668 395 difficile
695 348 750 378 est
785 354 885 387 sane,
921 343 987 379 nisi
1025 346 1230 392 expertum.

62 395 335 447 Experiendum
353 401 407 432 est
426 403 548 432 autem
568 394 603 430 in
633 395 710 443 ipsa
739 396 909 433 amicitia.
967 394 1021 431 Ita
1049 396 1231 445 praecurrit

64 450 222 489 amicitia
244 448 435 498 judicium,
464 448 623 496 tollitque
649 448 858 497 experiendi
887 455 1113 498 potestatem.
1168 450 1232 486 63.

64 504 130 542 Est
159 503 261 552 igitur
288 502 482 552 prudentis,
511 502 696 547 sustinere,
724 508 763 538 ut
790 514 949 548 currum,
977 503 1029 539 sic
1057 505 1233 563 impetum

63 557 349 595 benevolentiae:
379 569 450 606 quo
476 562 632 601 utamur,
651 556 750 604 quasi
779 556 879 605 equis
898 557 1050 602 tentatis,
1071 557 1124 594 sic
1142 559 1233 594 ami-

65 611 169 657 citiis,
185 611 303 660 aliqua
322 618 420 659 parte
439 609 645 660 periclitatis
673 609 831 646 motibus
859 610 1071 648 amicorum.
1143 611 1236 656 Qui-

63 664 148 701 dam
177 676 275 724 saepe
308 664 342 700 in
376 676 488 713 parva
520 663 675 713 pecunia
715 664 987 712 perspiciuntur,
1026 676 1136 712 quam
1165 665 1235 701 sint

63 718 187 755 leves·
216 717 374 766 quidam,
399 730 489 766 quos
518 729 627 765 parva
657 729 804 754 movere.
832 729 901 753 non
931 719 1054 766 potuit,
1085 731 1235 766 cognos-

65 777 196 809 cuntur
222 772 258 808 in
289 783 431 819 magna.
503 770 565 807 Sin
604 782 688 806 vero
724 778 826 807 erunt
854 771 963 819 aliqui
994 772 1134 820 reperti,
1163 774 1235 820 qui,

64 826 260 875 pecuniam
280 825 443 874 praeserre
480 824 660 869 amicitiae,
687 824 868 861 sordidum
906 825 1138 861 existiment:
1178 826 1235 863 ubi

64 891 128 916 eos
142 879 382 924 inveniemus,
401 879 460 927 qui
490 881 654 923 honores,
684 878 918 926 magistratus,
938 879 1100 928 imperia,
1119 886 1238 928 potes—

67 938 172 978 tates,
192 944 278 982 opes
298 933 464 969 amicitiae
484 944 553 968 non
574 938 795 980 anteponant
814 932 832 969 Ξ)
862 938 912 974 ut,
931 945 1043 981 quum
1063 944 1111 969 ex
1129 933 1239 969 altera

66 991 166 1035 parte
180 987 356 1035 proposita
380 984 458 1022 Iunc
477 986 557 1030 sint,
572 997 619 1021 ex
636 985 745 1021 altera
760 983 821 1033 jus
840 986 1021 1031 amicifiae,
1035 998 1106 1022 non
1129 988 1241 1023 multo

65 1040 124 1077 illa
153 1040 313 1077 malint?
368 1039 555 1076 Imlecilla
575 1045 630 1075 est
647 1039 745 1075 enim
774 1046 900 1075 natura
929 1039 975 1075 ad
1002 1046 1240 1076 contemnen-

66 1092 151 1130 dam
171 1095 539 1152 potentia1113quam
567 1094 676 1128 etiam
704 1092 731 1128 si
753 1094 913 1141 neglecta
933 1093 1089 1129 amicitia
1110 1106 1239 1130 conse-

68 1146 139 1183 cuti
159 1150 253 1191 sunt,
271 1147 529 1183 obscur'aturn
522 1146 560 1181 iri
581 1146 804 1190 arbitrantur,
817 1146 900 1195 quia
922 1159 991 1183 non
1013 1147 1090 1183 sine
1110 1159 1240 1195 magna

67 1212 180 1236 causa
216 1201 260 1236 sit
288 1201 446 1248 neglecta
475 1200 645 1237 amicitia.
703 1199 763 1237 64..
795 1199 921 1249 Itaque
950 1212 1043 1237 verae
1072 1201 1241 1238 amicitioe

68 1252 274 1290 difficillime
293 1253 516 1303 reperiuntur
542 1253 577 1288 iu
602 1253 655 1297 iis,
675 1253 734 1300 qui
755 1254 789 1289 in
811 1253 1005 1290 honoribus
1024 1265 1133 1302 reque
1150 1255 1244 1303 pub-

67 1307 137 1343 lica
157 1314 353 1345 versantur.
413 1306 479 1343 Ubi
507 1307 606 1342 enim
635 1307 745 1342 istum
772 1307 948 1351 invenias,
977 1308 1036 1356 qui
1064 1306 1239 1344 honorem

68 1361 177 1397 amici
205 1366 401 1410 anteponat
422 1361 521 1398 suo?
578 1360 712 1404 Quid?
740 1359 821 1396 haec
858 1366 896 1396 ut
924 1361 1098 1407 omittam,
1128 1374 1240 1410 quam

66 1426 204 1461 graves,
235 1426 342 1463 quam
382 1413 542 1450 difficiles
577 1414 757 1462 plerisque
793 1413 957 1450 videntur
992 1414 1240 1450 calamitatum

68 1467 280 1504 societates!
309 1467 355 1504 ad
378 1480 467 1516 quas
489 1479 557 1503 non
578 1473 632 1503 est
650 1466 756 1503 facile
775 1467 925 1504 inventu
943 1468 1002 1517 qui
1022 1467 1218 1505 descendat
1235 1481 1243 1504 :

67 1533 276 1570 quanquam
297 1521 437 1558 Ennius
457 1528 551 1557 recte
568 1532 577 1557 :

338 1587 466 1617 Amicus
481 1590 582 1616 certus
596 1586 627 1617 in
643 1597 674 1617 re
689 1586 807 1617 incerta
819 1587 956 1617 cernitur
971 1598 979 1617 ι

70 1650 192 1680 tamen
211 1641 292 1680 haec
310 1642 382 1679 duo
401 1643 553 1679 levitatis
579 1649 615 1678 et
633 1643 847 1679 infirmitatis
874 1643 1061 1692 plerosque
1090 1645 1242 1680 convin-

71 1703 183 1744 cunt3
212 1703 274 1732 aut
300 1697 328 1733 si
356 1697 393 1733 in
420 1696 522 1733 bonis
549 1697 657 1733 rebus
690 1703 940 1742 contemnunt,
978 1704 1040 1733 aut
1075 1697 1112 1732 in
1140 1699 1244 1734 malis

72 1749 250 1787 deserunt.

124 1802 273 1841 XVIII.
302 1803 376 1848 Qui
395 1804 497 1852 igitur
516 1810 665 1853 utraque
693 1804 728 1839 in
760 1815 795 1839 re
823 1815 982 1851 gravem,
1001 1812 1242 1850 constantem,

72 1857 235 1894 stabilem
256 1869 294 1894 se
313 1858 348 1893 in
370 1858 530 1894 amicitia
549 1857 759 1907 praestiterit,
782 1855 881 1893 hunc
908 1871 956 1894 ex
984 1859 1146 1895 maxime
1165 1871 1244 1896 raro

73 1909 261 1948 hominum
280 1923 407 1959 genere
430 1910 595 1958 judicare
615 1911 802 1955 debemus,
822 1917 858 1947 et
875 1923 981 1960 paene
1000 1911 1135 1949 divino.

128 1962 190 2000 65.
236 1963 525 2001 Firmamentum
563 1971 685 2002 autem
728 1964 925 2002 stabilitatis
961 1967 1244 2017 constantiaeque

73 2015 166 2064 ejus,
185 2029 294 2065 quam
320 2018 354 2054 in
384 2018 540 2055 amicitia
562 2020 769 2068 quaerimus,
797 2017 886 2054 fides
903 2024 968 2056 est.
1020 2018 1120 2056 Nihil
1147 2022 1244 2057 enim

75 2071 201 2107 stabile
228 2078 295 2116 est,
326 2070 422 2120 quod
449 2072 600 2109 infidum
635 2081 703 2109 est.
759 2070 968 2120 Simplicem
996 2078 1182 2122 praeterea,
1210 2082 1246 2110 et

75 2136 322 2169 communem,
350 2130 385 2161 et
421 2127 717 2170 consentientem,
746 2126 805 2173 qui
836 2126 940 2163 rebus
967 2125 1091 2163 iisdem
1120 2140 1245 2165 move-

76 2182 166 2224 atur,
186 2178 264 2226 eligi
283 2190 346 2227 par
364 2184 440 2215 est:
469 2191 549 2226 quae
578 2180 699 2216 omnia
736 2181 913 2228 pertinent
947 2179 993 2215 ad
1022 2180 1244 2221 fidelitatem.

75 2230 206 2280 Neque
223 2231 319 2268 enim
340 2232 451 2268 fidum
471 2239 584 2280 potest
601 2245 679 2270 esse
699 2233 888 2282 multiplex
915 2234 1097 2281 ingenium
1123 2242 1158 2272 et
1175 2241 1246 2272 tor-

20 2301 26 2309 ·
77 2291 235 2321 tuosum.
291 2285 420 2333 Neque
440 2297 536 2331 vero,
557 2288 616 2336 qui
635 2299 706 2323 non
727 2287 854 2323 iisdem
880 2288 986 2323 rebus
1014 2294 1191 2334 movetur,
1210 2297 1247 2325 et
1266 2311 1269 2313 >

77 2345 202 2375 natura
222 2340 408 2382 consentit,
439 2338 530 2376 fidus
558 2346 621 2376 aut
647 2341 779 2378 stabilis
807 2347 921 2390 potest
947 2352 1037 2378 esse.
1094 2342 1245 2378 Adden-

71 2391 158 2429 dum
188 2391 315 2430 eodem
343 2399 406 2439 est,
437 2399 475 2430 ut
503 2406 548 2431 ne
577 2394 797 2442 criminibus,
826 2401 890 2432 aut
916 2393 1108 2432 inferendis
1126 2395 1245 2433 delec-
