1496 2671
321 159 394 197 DE
425 156 605 196 BELLO
635 155 885 196 GALLICO
913 156 1018 194 LIB.
1046 155 1121 194 IV.
1260 155 1314 195 ‘65

114 275 290 317 temque,
319 267 421 316 quod
453 264 599 302 recenti
629 264 762 313 proelio
795 264 1043 314 perterritum
1075 277 1160 302 esse
1178 263 1312 301 existi-

117 323 260 364 mahat,
280 331 417 369 agmen
438 318 621 366 subsequi
634 317 764 365 jussit.

173 374 293 412 XIV.
326 372 423 409 Acie
435 371 578 419 triplici
591 370 771 408 instituti}
785 376 823 408 et
836 371 1013 408 celeriter
1024 370 1133 408 VIII
1147 371 1314 408 millium

117 428 258 465 itinere
277 425 461 468 confecto,
477 425 582 473 prius
599 425 646 461 ad
661 425 830 462 hostitm
844 431 970 461 castra
990 425 1180 473 pervenit,
1197 437 1313 473 quam

114 481 214 530 quid
233 485 413 528 ageretur
434 477 622 515 Germani
642 478 785 515 sentire
804 484 970 525 possent.
1028 477 1118 524 Qui,
1135 479 1313 515 omnibus

117 535 233 571 rebus
252 533 380 570 subito
399 532 607 581 perterriti,
626 537 667 569 et
692 531 893 568 celeritate
922 531 1112 568 adventus
1132 532 1254 568 nostri
1275 538 1313 568 et

112 587 286 624 discessu
321 598 489 630 suorum,
511 597 635 634 neque
666 584 818 622 consilii
846 585 1024 629 habendi,
1054 597 1178 633 neque
1207 597 1314 623 arma

111 640 292 689 capiendi
322 639 446 688 spatio
474 639 574 683 dato,
604 639 895 687 perturbantur,
919 638 1099 686 copiasne
1127 639 1312 675 adversus

117 693 265 731 hostem
285 694 459 736 educere,
481 705 530 729 an
556 698 682 729 castra
710 691 927 736 defendere,
949 704 998 728 an
1026 691 1121 739 fuga
1149 691 1312 728 salutem

112 753 249 796 petere
268 752 478 795 praestaret.
537 743 713 791 Quorum
732 745 848 781 timor
861 757 982 793 quum
997 744 1155 782 fremitu
1169 750 1210 781 et
1222 757 1312 781 con-

110 812 230 837 cursu
250 800 546 849 significaretur,
568 798 707 836 milites
726 798 858 841 nostri,
876 798 1030 847 pristini
1043 798 1119 834 diei
1140 799 1311 846 perfidiae

114 854 278 898 incitati,
310 854 348 889 in
378 858 504 890 castra
531 852 767 900 irruperunt.
827 851 1001 897 Quorum
1029 851 1096 900 qui
1133 851 1311 888 celeriter

112 919 223 944 arma
255 919 391 956 capere
421 912 640 954 potuerunt,
671 904 881 954 paullisper
913 905 1055 942 nostris
1084 906 1311 942 restiterunt

113 967 232 1008 atque
250 960 353 996 inter
369 972 499 996 carros
523 959 873 1007 impedimentaque
902 959 1081 1006 proelium
1107 958 1310 995 commise-

115 1019 223 1050 runtt
247 1019 286 1050 at
298 1013 446 1062 reliqua
463 1012 668 1049 multitudo
679 1025 888 1061 puerorum
903 1012 1185 1060 mulierumque
1200 1014 1309 1061 (nam

109 1079 203 1104 cum
222 1067 400 1104 omnibus
420 1066 499 1103 suis
519 1066 630 1102 domo
650 1071 896 1102 excesserant
922 1065 1181 1114 Rhenumque
1197 1071 1308 1101 'tran-

113 1120 278 1169 sierant)
313 1120 453 1167 passim
483 1119 618 1167 fugere
651 1119 762 1167 coepit
780 1133 790 1162 ;
828 1119 876 1155 ad
904 1131 1001 1167 quos
1033 1119 1308 1156 consectandos

111 1172 246 1210 Caesar
263 1173 475 1220 equitatum
495 1173 611 1208 misit.

168 1226 263 1262 XV.
295 1225 494 1270 Germani,
525 1232 610 1273 post
638 1230 792 1272 tergum
818 1224 986 1262 elamore
1013 1225 1157 1268 audito,
1187 1237 1308 1273 quum

109 1292 200 1317 suos
219 1279 385 1316 interfici
405 1279 593 1323 viderent,
614 1279 730 1315 armis
750 1277 910 1325 abjectis
938 1279 1136 1327 signisque
1165 1279 1308 1315 milita-

111 1334 220 1370 ribus
239 1333 395 1377 relictis,
417 1344 457 1369 se
477 1345 526 1369 ex
546 1331 681 1368 castris
700 1330 913 1379 ejecerunt:
943 1337 981 1368 et
1001 1345 1120 1381 quum
1138 1332 1188 1368 ad
1217 1345 1307 1369 con>-

110 1387 295 1424 fluentem
331 1386 450 1422 Mosae
484 1392 522 1422 et
555 1385 684 1421 Rheni
716 1385 996 1433 pervenissent,
1033 1384 1182 1433 reliquit
1214 1384 1308 1434 fuga.

111 1437 327 1488 desperata,
340 1451 479 1487 magno
495 1451 654 1475 numero
669 1437 882 1483 interfecto,
899 1438 1037 1487 reliqui
1054 1451 1093 1475 se
1106 1440 1146 1474 in
1161 1438 1306 1475 flumen

110 1492 452 1543 precipitaverunt,
464 1498 578 1540 atque
593 1491 647 1528 ibi
660 1491 808 1535 timore,
819 1491 1057 1537 lassitudine,
1079 1492 1119 1529 vi
1134 1492 1306 1529 fluminis

110 1546 284 1595 oppressi
305 1545 515 1594 perierunt.
573 1545 709 1581 Nostri
729 1545 776 1581 ad
793 1557 913 1581 unum
933 1557 1065 1582 omnes
1079 1546 1304 1590 incolumes,

112 1599 314 1648 perpaucis
329 1598 552 1641 vulneratis,
562 1611 610 1634 ex
624 1598 722 1634 tanti
733 1598 822 1635 belli
838 1598 987 1642 timore,
1001 1611 1120 1647 quum
1135 1599 1305 1635 hostium

111 1665 294 1689 numerus
312 1652 482 1701 capitum
503 1651 708 1689 CDXXX
723 1652 887 1687 millium
907 1651 1053 1694 fuisset,
1070 1664 1111 1689 se
1125 1653 1164 1688 in
1179 1658 1305 1689 castra

110 1711 351 1754 receperunt.
410 1704 541 1742 Caesar
560 1705 633 1749 his,
653 1717 748 1752 quos
768 1706 807 1741 in
828 1705 964 1742 castris
979 1705 1204 1751 retinuerat,
1225 1706 1303 1743 dis-

109 1759 271 1796 cedendi
305 1764 532 1806 potestatem
561 1758 677 1795 fecit:
714 1758 771 1794 illi
809 1758 998 1807 supplicia
1033 1760 1304 1806 cruciatusque

110 1811 315 1850 Gallorum
335 1812 461 1856 veriti,
478 1824 642 1859 quorum
655 1823 767 1860 agros
783 1818 1032 1856 vexaverant,
1049 1825 1247 1849 remanere
1263 1825 1303 1850 se

110 1866 214 1914 apud
232 1878 320 1902 eum
351 1865 447 1902 velle
476 1865 674 1902 dixerunt„
731 1863 805 1902 His
826 1865 956 1902 Caesar
975 1866 1191 1902 libertatem
1212 1878 1302 1902 con-

108 1919 238 1956 cessit.

164 1971 284 2008 XVI.
315 1969 548 2008 Germanico
581 1970 681 2008 bello
712 1971 897 2016 confecto,
932 1972 1065 2008 multis
1096 1972 1142 2008 de
1175 1973 1302 2010 causis

107 2023 240 2063 Caesar
258 2025 404 2070 statuit,
425 2025 498 2061 sibi
515 2025 695 2061 Rhenum
714 2037 795 2062 esse
814 2025 1109 2068 transeundum
1137 2037 1303 2073 quarum

109 2078 176 2114 illa
194 2076 268 2113 fuit
284 2076 509 2124 justissima,
530 2078 645 2126 quod,
665 2090 786 2126 quum
812 2078 961 2115 videret
981 2077 1194 2115 Germanos
1222 2087 1301 2116 tam

109 2130 223 2168 facile
234 2130 392 2178 impelli,
409 2136 452 2166 ut
470 2131 510 2166 in
527 2130 696 2168 Galliam
712 2132 902 2175 venirent,
920 2132 999 2168 suis
1018 2144 1172 2180 quoque
1185 2134 1300 2170 rebus

107 2196 173 2221 eos
192 2183 328 2220 timere
347 2183 483 2229 voluit,
501 2196 619 2232 quum
638 2184 901 2233 intelligerent
919 2191 958 2221 et
977 2197 1086 2233 posse
1101 2193 1140 2222 et
1159 2187 1300 2223 audere

107 2236 239 2285 populi
260 2236 425 2273 Romani
452 2238 665 2274 exercitum
686 2237 865 2275 Rhenum
888 2238 1065 2275 transire.
1122 2239 1301 2276 Accessit

106 2289 236 2334 etiam,
258 2289 361 2338 quod
378 2289 445 2326 illa
466 2302 554 2338 pars
582 2290 776 2339 equitatfis
796 2290 1000 2340 Usipetum
1018 2298 1057 2328 et
1077 2292 1299 2329 Tenchtheu

107 2355 252 2388 rorum,
265 2355 380 2391 quam
401 2354 517 2391 supra
536 2345 831 2381 commemoravi
851 2345 1045 2393 praedandi
1060 2345 1302 2382 frumentan-

107 2396 225 2446 dique
243 2398 360 2433 causa
380 2395 530 2433 Mosam
549 2397 743 2442 transisse,
763 2410 889 2447 neque
907 2398 1045 2448 proelio
1063 2397 1298 2443 interfuisse,

699 2461 722 2486 F
