1496 2671
262 108 284 143 8
555 104 759 147 LAELIUS
786 108 861 146 DE
889 109 1150 147 AMICITIA.

260 215 417 252 amantis
437 220 503 252 est.
563 217 622 253 11.
646 216 740 265 Cupi
767 216 831 253 illo
852 229 937 253 vcro
955 218 1037 266 quis
1063 223 1179 267 neget
1205 222 1330 256 actum
1347 231 1426 257 esse

260 269 434 318 praeclare
453 268 471 305 ἶ)
500 268 583 306 Nisi
601 269 711 314 enim,
724 269 826 319 quod
843 269 906 307 ille
923 271 1074 309 minime
1092 271 1261 321 putabat,
1276 271 1426 310 immor-

259 322 439 360 talitatem
457 328 587 372 optare
599 323 815 372 vellet,quid
826 336 902 361 non
914 329 970 362 est
985 325 1154 374 adeptus,
1168 325 1270 374 quod
1285 325 1429 363 homini

259 376 312 413 fas
331 381 427 414 esset
448 383 576 426 optare
595 379 614 414 ,9
641 377 704 426 qui
719 390 897 414 summam
912 390 1014 426 spem
1025 379 1171 425 civium,
1189 391 1298 428 quam
1316 379 1365 416 de
1382 392 1427 416 eo

255 430 334 478 jam
353 442 468 479 puero
487 431 703 476 habuerant,
720 431 897 468 continuo
911 431 1125 470 adolescens
1134 432 1344 470 incredibili
1356 433 1429 470 vir-

260 487 341 521 tute
355 485 543 532 superavit
559 498 566 522 :
589 485 653 533 qui
672 485 915 522 Consulatum
934 485 1067 533 petivit
1085 498 1287 535 nunquam,
1307 480 1426 524 fa'ctus

259 542 314 575 est
344 537 483 574 Consul
511 538 594 575 bis:
617 538 776 587 primum
796 544 883 576 ante
903 544 1076 588 tempus·
1068 568 1077 583 ‚
1107 539 1243 577 iterum
1269 539 1339 577 sibi
1357 552 1425 577 suo

259 601 447 640 tempore3
473 592 689 653 ‘reipublicae
718 605 823 640 paene
859 604 964 629 sero:
996 592 1071 641 qui,
1099 592 1243 630 duabus
1270 591 1425 631 urbibus

261 657 304 681 ev
309 645 409 690 ersis,
430 645 689 682 inimicissimis
703 645 817 682 huic'
807 645 974 694 imperio,
993 658 1070 682 non
1089 646 1200 683 modo
1219 647 1426 696 praesentia,

260 711 388 735 verum
406 699 516 735 etiam
535 699 661 736 futura
679 699 776 736 bella
795 699 943 736 delevit.
1000 699 1103 744 Quid
1121 700 1241 737 dicam
1255 700 1303 738 de
1316 701 1425 738 mori-

259 753 327 789 bus
362 752 543 789 facillimis
562 753 581 790 Ῥ
610 753 656 789 dc
683 753 820 809 pietate
847 753 888 788 in
915 757 1094 790 mammem
1086 753 1104 780 9
1131 753 1356 793 liberalitate
1385 755 1426 791 in

230 840 232 846 ‚
259 808 433 843 sorores.)
454 807 644 844 bonitate'
635 819 674 842 111
689 819 796 843 suos.
788 805 969 854 ‘³justitia
986 807 1026 843 in
1045 819 1194 844 omnes.
1186 806 1205 835 ‘r‘
1224 806 1327 845 Nota
1337 812 1426 845 sunt

260 860 374 897 vobis.
407 860 529 905 Quam
547 865 671 897 autem
689 860 832 897 civitati
847 872 952 897 carus
970 859 1092 906 fuerit,
1114 872 1269 898 moerore
1285 859 1427 899 funeris

260 913 463 950 indicatum
492 920 561 950 est.
619 913 722 958 Quid
748 914 864 962 igitur
891 913 991 950 hunc
1017 926 1219 963 paucorum
1245 927 1427 953 annorum

259 967 415 1004 accessio
429 967 561 1015 juvare
581 968 761 1015 potuisset
781 967 799 1004 ἶ)
855 967 1034 1005 Senectus
1053 968 1151 1005 enim
1170 967 1337 1017 quamvis
1350 981 1427 1006 non

258 1021 304 1058 sit
323 1021 456 1070 gravis,
479 1026 520 1058 ut
540 1021 689 1057 memini
706 1021 886 1058 Catonem
904 1034 1003 1058 anno
1017 1027 1116 1068 ante,
1135 1034 1246 1071 quam
1258 1020 1428 1060 mortuus

258 1081 324 1116 est,
346 1088 489 1112 mecum
509 1080 545 1112 et
565 1087 649 1111 cum
670 1074 842 1124 Scipione
860 1075 1050 1120 disserere,
1067 1080 1192 1113 tamen
1206 1075 1328 1114 aufert
1346 1088 1427 1113 eam

259 1129 525 1179 xiiiditatem,
515 1141 554 1164 m
573 1135 645 1177 qua
665 1128 868 1166 etiamnum
896 1134 976 1166 erat
996 1128 1132 1178 Scipio.
1214 1129 1424 1174 9.Quam-

259 1183 385 1219 obrem
416 1183 491 1220 vita
509 1182 659 1231 quidem
677 1183 762 1220 talis
781 1182 863 1227 fuit,
885 1183 943 1219 vel
961 1182 1121 1228 fortuna,
1143 1195 1188 1219 ve
1219 1182 1350 1231 gloria,
1382 1187 1427 1221 ut

259 1236 351 1272 nihil
369 1244 491 1285 posset
512 1236 700 1273 zmiccedeie
738 1236 923 1272 Moriendi
942 1241 1066 1273 autem
1093 1249 1242 1273 sensum
1260 1236 1431 1274 celeritas

260 1290 428 1328 abstulit.
484 1290 569 1335 Quo
590 1290 636 1326 de
650 1302 786 1338 genere
806 1291 933 1327 mortis
953 1290 1101 1327 difficile
1119 1290 1224 1328 dictu
1243 1294 1319 1328 est:
1339 1290 1432 1339 quid

261 1344 426 1381 homines
461 1344 704 1392 suspicentur,
735 1342 882 1380 videtis.
936 1343 1022 1380 Hoc
1058 1348 1184 1381 tamen
1220 1355 1305 1380 vere
1339 1343 1428 1382 licet

259 1399 392 1442 dicere,
424 1397 556 1434 Publio
586 1397 748 1445 Scipioni
776 1409 822 1433 ex
849 1397 975 1434 multis
1002 1397 1144 1443 diebus,
1174 1409 1266 1446 quos
1293 1397 1332 1434 in
1350 1397 1431 1435 vita

259 1451 514 1488 celeberrimos
534 1451 813 1499 laetissimosque
841 1450 987 1496 viderit,
1014 1451 1119 1488 illum
1146 1450 1244 1488 diem
1271 1450 1428 1488 clarissi-

261 1518 361 1542 mum
378 1505 501 1549 fuisse,
523 1517 647 1553 quum,
671 1504 810 1541 Senatu
832 1504 994 1549 dimisso,
1016 1505 1167 1541 domum
1180 1504 1357 1542 reductus
1375 1505 1425 1542 ad

255 1571 447 1607 vesperum
476 1565 572 1595 csta
604 1557 771 1595 Patribus
809 1558 1038 1607 conscriptis,
1063 1571 1085 1595 a.
1106 1558 1235 1607 populi
1261 1557 1428 1596 Romani

259 1613 365 1650 sociis
385 1619 422 1650 et
438 1611 592 1656 Latinis,
614 1611 733 1660 pridie
748 1624 858 1660 quam
877 1612 1034 1650 excessit
1051 1625 1072 1649 e
1091 1613 1167 1650 vita
1187 1625 1195 1648 :
1225 1616 1268 1649 ut
1285 1624 1332 1649 ex
1350 1615 1429 1650 tam

260 1667 335 1705 alto
355 1666 549 1714 dignitatis
576 1666 697 1713 gradu
723 1666 770 1702 ad
790 1678 941 1714 superos
970 1665 1139 1704 videatur
1157 1665 1293 1715 potius,
1314 1678 1428 1714 quam

259 1721 305 1758 ad
326 1720 461 1757 inferos
481 1719 702 1769 pervenisse.

315 1774 381 1810 IV.
413 1774 475 1811 13.
502 1773 635 1821 Neque
671 1773 769 1809 enim
796 1773 975 1810 assentior
1011 1773 1066 1818 iis,
1101 1772 1165 1822 qui
1199 1772 1281 1810 haec
1304 1784 1425 1821 nuper

260 1829 438 1865 disserere
453 1832 742 1876 coeperuntssum
755 1827 970 1876 corporibus
982 1826 1092 1863 simul
1102 1825 1244 1862 animos
1258 1826 1421 1871 interire,

258 1891 370 1931 atque
388 1881 511 1918 omnia
530 1886 648 1918 morte
676 1880 803 1917 deleri.
910 1881 966 1917 lus
985 1880 1084 1929 apud
1103 1891 1162 1916 mc
1188 1879 1426 1928 antiquorum

257 1935 458 1973 auctoritas
474 1935 583 1981 valer,
600 1935 658 1971 vel
674 1940 883 1971 nostrorum
898 1933 1087 1983 majorum,
1104 1933 1168 1982 qui
1182 1933 1337 1970 mortuis
1349 1939 1426 1971 tam

260 1988 363 2037 ielio'
340 1988 526 2038 riosajura
545 1990 780 2026 tribuemnt:
799 1988 899 2036 quod
917 2000 994 2024 non
1011 1987 1184 2024 fecissent
1202 1987 1380 2049 profecto,
1396 1988 1429 2024 si

261 2021 352 2079 nihil
380 2043 426 2079 ad
447 2055 507 2079 eos
525 2043 711 2092 pertineie
737 2042 893 2079 ‘ubxtiai
896 2047 1035 2078 entur
1064 2041 1122 2077 vel
1149 2052 1290 2085 eorum,
1308 2041 1372 2089 qui
1385 2041 1425 2078 in

261 2098 329 2133 hac
356 2104 455 2134 terra
484 2096 645 2139 fuerunt,
680 2107 926 2144 magnamque
961 2094 1156 2139 Giaeciam,
1199 2091 1296 2144 (quae
1325 2107 1426 2132 nuno

262 2150 410 2199 quidem
444 2150 566 2187 deleta
599 2156 666 2194 est,
687 2154 766 2186 tum
785 2147 954 2199 florebat)
977 2147 1158 2186 institutis
1177 2155 1216 2185 et
1231 2148 1426 2197 praeceptis

260 2204 334 2240 suis
354 2203 571 2240 erudierunt
590 2217 598 2240 ε
622 2203 679 2239 vel
697 2202 786 2251 ejus,
808 2201 873 2250 qui
891 2201 1075 2251 Apollinis
1104 2201 1253 2238 oraculo
1281 2202 1425 2250 sapien-

263 2257 423 2295 tissimus
443 2263 498 2294 est
511 2256 703 2304 judicatus
723 2269 731 2293 :
762 2256 826 2304 qui
845 2268 921 2292 non
948 2261 1027 2293 tum
1047 2255 1130 2301 hoe,
1151 2259 1231 2293 tum
1245 2254 1350 2300 illud,
1371 2259 1425 2301 ut,

264 2311 439 2360 plerique,
460 2310 636 2347 sedidem
651 2309 798 2347 dicebat
817 2322 970 2358 semper,
990 2310 1144 2347 Animos
1159 2308 1342 2346 hominum
1353 2321 1427 2346 esee

261 2365 414 2411 divinos,
434 2365 557 2414 iisque,
588 2376 698 2414 quum
724 2376 742 2402 e
767 2376 915 2414 corpore
941 2363 1175 2410 excessissent,
1203 2362 1359 2401 reditum
1384 2363 1428 2399 in
