1496 2671
523 160 879 199 ALCIBIADES.
1243 160 1291 199 27

106 269 176 315 dis,
200 276 239 307 ut
259 270 304 306 ad
326 269 408 318 ejus
437 269 631 306 triremem
660 269 800 317 vulgus
830 269 1049 314 conflueret,
1071 269 1230 318 perinde
1250 283 1293 307 ac

107 326 139 360 si
159 324 259 361 solus
278 323 508 361 advenisset.
566 322 630 360 Sic
653 323 756 360 enim
775 323 916 371 populo
944 330 1026 360 erat
1054 336 1292 372 persuasum,

105 383 144 414 et
164 378 343 415 adversas
363 378 589 424 superiores,
609 383 647 414 et
667 382 888 425 praesentes
908 377 1093 414 secundas
1111 389 1172 414 res
1193 378 1293 415 acci-

106 431 206 468 disse
226 430 308 479 ejus
328 428 453 478 opera.
510 430 648 478 Itaque
667 435 705 466 et
729 429 883 466 Siciliae
902 430 1095 472 amissum,
1116 437 1154 467 et
1178 431 1294 469 Lace·

105 485 392 521 daemoniorum
419 484 611 527 victorias,
643 483 777 531 culpae
803 496 894 520 suae
924 484 1160 528 tribuebant,
1190 486 1293 534 quod

105 539 219 575 talem
253 539 381 574 virum
409 551 430 575 e
463 537 621 574 civitate
658 537 908 585 expulissent.
966 537 1105 586 Neque
1137 538 1177 574 id
1210 539 1294 576 sine

103 590 219 629 causa.
251 592 432 629 arbitrari
465 591 716 627 videbantur:
750 603 839 627 nam
871 599 1074 639 postquam
1107 593 1292 629 exercitui

102 658 278 694 praeesse
297 651 484 693 coeperat,
506 657 630 692 neque
650 646 764 688 terra,
779 656 902 691 neque
917 644 1026 689 mari,
1042 645 1169 682 hostes
1182 659 1293 694 pares

103 712 186 736 esse
206 705 421 747 potuerant.
480 698 557 735 Hic
586 704 629 734 ut
656 698 746 734 navi
775 710 951 746 egressus
971 704 1042 742 est,
1061 711 1293 746 quamquam

105 753 366 790 Theramenes
385 759 423 790 et
444 752 714 801 Thrasybulus
734 751 877 788 eisdem
897 752 1012 788 rebus
1032 752 1291 799 praefuerant,

104 807 293 854 simulque
330 812 516 843 venerant
552 806 592 842 in
632 804 819 849 Piraeum,
859 811 987 842 tamen
1023 805 1134 841 illum
1172 819 1291 843 unum

101 873 233 897 omnes
271 860 615 909 prosequebantur:
653 865 702 901 et,
738 859 777 894 id
815 859 918 907 quod
955 871 1151 908 nunquam
1180 867 1293 898 antea

104 927 175 950 usu
203 920 374 957 venerat,
399 913 474 950 nisi
504 911 708 961 Olympiae
736 912 960 957 victoribus,
988 913 1137 950 coronis
1165 915 1292 951 aureis

102 967 306 1015 aeneisque
321 967 437 1015 vulgo
452 967 675 1003 donabatur.
732 965 805 1002 Ille
819 965 1035 1014 lacrymans
1047 966 1162 1003 talem
1176 968 1292 1005 bene--

102 1021 309 1058 volentiam
322 1021 465 1057 civium
479 1032 634 1056 suorum
643 1019 867 1068 accipiebat,
883 1020 1132 1057 reminiscens
1140 1021 1289 1069 pristini

101 1075 285 1122 temporis
303 1074 564 1110 acerbitatem.
619 1072 831 1121 Postquam
847 1075 949 1109 Astu
971 1073 1088 1117 venit,
1109 1075 1291 1113 concione

100 1128 297 1171 advocata,
318 1126 372 1163 sic
393 1127 510 1163 verba
529 1126 631 1171 fecit,
648 1132 694 1162 ut
710 1138 822 1163 nemo
841 1135 919 1163 tam
931 1126 1037 1163 ferus
1051 1127 1180 1173 fuerit,
1198 1130 1289 1176 quin

100 1180 183 1229 ejus
201 1193 330 1218 casum
358 1177 591 1229 lacrymarit,
613 1179 889 1226 inimicumque
908 1181 969 1217 his
997 1193 1038 1218 se
1065 1183 1288 1227 ostenderit,

99 1247 262 1282 quorum
283 1236 398 1282 opera
417 1231 542 1282 patria
569 1233 702 1281 pulsus
720 1232 862 1269 fuerat:
893 1234 1051 1281 perinde
1077 1247 1120 1272 ac
1140 1236 1171 1272 si
1191 1236 1290 1273 alius

100 1288 274 1337 populus,
310 1300 385 1324 non
416 1287 481 1324 ille
510 1287 593 1335 ipse
618 1287 685 1334 qui
714 1292 799 1323 tum
827 1287 954 1331 flebat,
982 1300 1070 1324 eum
1097 1289 1289 1338 sacrilegii

99 1339 328 1378 damnasset.
386 1340 582 1378 Restituta
611 1352 703 1389 ergo
731 1341 821 1377 huic
859 1346 949 1377 sunt
985 1341 1138 1389 publice
1175 1344 1289 1388 bona,

100 1395 293 1442 iidemque
321 1394 378 1430 illi
407 1393 661 1442 Eumolpidae
689 1394 905 1431 sacerdotes
927 1407 1061 1431 rursus
1094 1408 1289 1434 resecrare

100 1454 190 1485 sunt
223 1448 354 1492 coacti,
387 1448 453 1495 qui
486 1459 574 1484 eum
606 1448 871 1491 devoverant3
908 1448 1082 1496 pilaeque
1115 1450 1214 1495 illae,
1246 1451 1286 1487 in

98 1503 236 1550 quibus
254 1502 408 1539 devotio
427 1500 553 1538 fuerat
573 1501 726 1550 scripta,
747 1501 787 1537 in
807 1514 912 1538 mare
932 1503 1217 1551 praecipitatae.

99 1641 198 1680 CAP.
228 1642 328 1679 VII.
384 1640 629 1690 ,Minu-sfelir
648 1641 870 1678 Alcibiades
883 1643 921 1679 in
938 1643 1123 1681 invidiam
1139 1647 1282 1683 recidit.

150 1717 270 1755 HAEC
290 1716 485 1754 Alcibiadi
513 1716 661 1754 laetitia
679 1717 808 1754 minus
827 1716 902 1754 fuit
929 1718 1123 1756 diuturna.
1181 1721 1284 1758 Nam

96 1785 214 1821 quum
235 1772 269 1809 ei
289 1777 416 1808 essent
437 1783 567 1808 omnes
587 1771 749 1807 honores
768 1771 925 1815 decreti,
946 1779 1102 1821 totaque
1122 1777 1282 1823 respub-

95 1827 169 1863 lica
187 1826 289 1862 domi
311 1825 478 1872 bellique
496 1824 649 1868 tradita,
669 1830 712 1860 ut
740 1824 856 1860 unius
883 1825 1043 1862 arbitrio
1069 1835 1281 1876 gereretur,

97 1886 135 1917 et
153 1880 235 1928 ipse
249 1879 478 1928 postulasset
491 1884 536 1914 ut
554 1878 630 1914 duo
643 1877 716 1914 sibi
729 1878 896 1926 collegae
909 1879 1095 1916 darentur
1111 1881 1283 1932 Thrasy·

95 1934 208 1970 bulus
227 1940 264 1970 et
284 1931 528 1974 Adimantus,
550 1944 674 1979 neque
693 1931 733 1967 id
752 1941 935 1978 negatum
958 1939 1073 1977 esset3
1101 1935 1221 1972 classe
1240 1937 1281 1973 in

96 1987 232 2023 Asiam
251 1986 455 2035 profectus,
476 1985 579 2033 quod
598 1985 699 2033 apud
720 1984 869 2032 Cymen
885 1985 1012 2023 minus
1027 1999 1076 2024 ex
1089 1990 1282 2027 sententia

95 2052 177 2076 rem
189 2046 371 2088 gesserat,
385 2040 427 2076 in
445 2039 632 2076 invidiam
647 2038 798 2075 recidit.
855 2039 966 2075 Nihil
981 2041 1085 2077 enim
1099 2054 1187 2079 eum
1202 2056 1280 2081 non

95 2093 245 2131 efficere
263 2106 372 2141 posse
386 2093 586 2130 ducebant.
644 2091 708 2128 Ex
723 2105 798 2139 quo
813 2093 941 2138 fiebat,
955 2100 997 2131 ut
1012 2095 1140 2132 omnia
1152 2096 1281 2135 minus

93 2159 274 2196 prospere
301 2153 410 2195 gesta
437 2145 519 2193 ejus
547 2146 682 2194 culpae
709 2146 936 2191 tribuerent,
958 2159 1076 2195 quum
1104 2161 1191 2186 eum
1213 2158 1280 2188 aut

93 2200 336 2249 negligenter
373 2205 438 2236 aut
475 2200 662 2237 malitiose
699 2199 835 2236 fecisse
864 2200 1113 2247 loquerentur
1131 2217 1140 2246 3
1178 2204 1279 2242 sicut

92 2253 248 2291 accidit:
277 2266 367 2289 nam
387 2259 610 2302 corruptum
630 2265 652 2288 a
671 2265 757 2301 φερε
775 2266 912 2302 capere
937 2253 1077 2303 Cymen
1101 2256 1278 2304 noluisse,

91 2308 317 2356 arguebant.
373 2306 511 2355 Itaque
528 2306 618 2344 huie
636 2307 805 2344 maxime
818 2313 999 2356 putamus
1017 2309 1108 2346 mali
1124 2322 1278 2348 eausam

91 2360 210 2398 fuisse
229 2361 388 2398 nimiam
407 2359 625 2409 opinionem
652 2360 800 2409 ingenii
828 2366 943 2409 atque
962 2362 1134 2400 virtutis:
1164 2364 1276 2401 time-

89 2415 204 2452 batur
230 2414 332 2452 enim
361 2425 438 2451 non
471 2413 597 2451 minus
626 2425 737 2461 quam
763 2414 1007 2463 diligebatur,
1028 2428 1086 2463 ne,
1108 2415 1277 2456 secunda.
