1496 2671
327 154 400 192 DE
430 152 609 191 BELLO
639 152 888 193 GALLICO
917 154 1020 191 LIB.
1052 154 1085 191 Ι.
1253 155 1298 191 13

114 266 314 306 statueret3
342 261 439 298 scire
466 272 506 297 se
533 259 601 297 illa
619 272 700 297 esse
720 272 823 304 vera,
845 273 915 298 nec
933 272 1163 310 quemquam
1184 272 1234 297 ex
1254 272 1299 297 eo

113 317 200 366 plus
218 327 331 363 quam
351 326 391 351 se
409 313 550 350 doloris
570 325 715 361 capere,
733 320 935 361 propterea
949 314 1064 362 quod,
1079 326 1199 361 quum
1216 313 1300 360 ipse

112 367 235 419 gratia
254 367 460 416 plurimum
480 366 583 402 domi
595 373 710 414 atque
723 366 763 402 in
778 365 927 414 reliqua
946 366 1089 412 Gallia,
1104 367 1170 404 ille
1185 366 1299 403 mini-

112 434 217 459 mum
247 426 402 470 propter
435 419 730 456 adolescentiam
763 425 904 467 posset,
934 433 1003 469 per
1032 432 1071 457 se
1100 420 1299 457 crevisset:

109 475 247 524 quibus
267 473 404 522 opibus
420 485 463 510 ac
477 473 606 509 nervis
626 485 702 509 non
723 473 845 509 solum
859 473 907 509 ad
921 473 1168 510 minuendam
1181 473 1302 522 grati-

112 540 183 571 am,
201 527 265 564 sed
280 539 387 575 paene
402 527 450 563 ad
467 526 673 574 perniciem
693 538 799 562 suam
817 531 1008 563 uteretur:
1023 538 1104 563 sese
1120 533 1248 563 tamen
1263 532 1302 562 et

110 593 237 617 amore
274 580 445 617 fraterno
481 584 520 616 et
565 579 854 616 existimatione
900 579 1010 627 vulgi
1055 579 1301 616 commoveri.

112 632 225 680 Quod
244 633 277 671 si
296 633 389 681 quid
409 632 444 669 ei
463 645 485 669 a
505 631 656 669 Caesare
675 632 833 680 gravius
853 632 1064 676 accidisset,
1081 645 1199 681 quum
1220 633 1303 681 ipse

111 699 199 724 eum
217 687 343 724 locum
362 684 540 723 amicitiae
560 685 661 734 apud
681 697 768 722 eum
781 691 941 730 teneret,
959 685 1152 722 neminem
1168 685 1303 722 existi-

111 746 316 784 maturum,
332 751 410 776 non
425 736 494 776 sua
509 739 707 776 voluntate
720 738 879 776 factum:
899 736 975 786 qua
989 750 1040 775 ex
1055 751 1096 774 re
1115 738 1302 783 futurum,

110 794 168 830 uti
187 793 306 830 totius
327 791 465 830 Galliae
484 792 603 829 animi
622 805 644 829 a
665 804 704 829 se
724 798 1006 829 averterentur.
1064 791 1159 828 Haee
1183 803 1304 840 quum

110 846 287 895 pluribus
307 846 435 883 verbis
454 845 550 882 fiens
571 858 592 882 a
613 845 765 882 Caesare
780 850 937 893 peteret,
956 844 1086 883 Caesar
1105 844 1137 892 ej
1145 857 1189 881 us
1208 844 1302 881 dex-

111 907 210 937 tram
226 899 396 948 prendit:
414 899 631 936 consolatus
644 904 764 948 rogat,
780 900 896 935 finem
908 899 1042 936 orandi
1054 897 1187 935 faciat:
1204 898 1304 934 tanti

112 953 195 1001 ejus
223 953 324 1002 apud
352 965 393 990 se
420 952 586 1001 gratiam
614 964 696 990 esse
723 952 902 995 ostendit,
931 952 989 988 uti
1017 957 1055 989 et
1083 951 1304 1000 reipublicae

112 1005 294 1055 injuriam
318 1011 357 1043 et
385 1018 496 1042 suum
525 1005 695 1043 dolorem
723 1002 805 1052 ejus
833 1005 1024 1042 voluntati
1053 1017 1096 1042 ac
1126 1005 1305 1053 precibus

114 1060 315 1097 condonet.
373 1059 655 1107 Dumnorigem
685 1058 733 1095 ad
759 1071 799 1095 se
838 1064 965 1102 vocat3
1005 1057 1164 1095 fratrem
1196 1058 1306 1095 adhi—

112 1114 194 1156 bet3
213 1124 298 1161 quae
316 1113 358 1148 in
377 1124 422 1149 eo
440 1111 708 1160 reprehendat,
731 1112 899 1149 ostendit
907 1126 917 1155 ;
949 1124 1034 1161 quae
1059 1111 1143 1161 ipse
1160 1111 1304 1148 intelli-

112 1172 191 1214 gat,
211 1177 296 1214 quae
315 1165 453 1202 civitas
471 1170 671 1213 queratur,
701 1165 897 1214 proponit3
926 1170 1067 1210 monet,
1089 1170 1133 1201 ut
1151 1164 1193 1201 in
1213 1164 1303 1201 reli-

111 1232 232 1268 quum
267 1224 420 1267 tempus
453 1230 584 1255 omnes
616 1218 854 1266 suspiciones
883 1218 980 1256 vitet
987 1233 998 1262 3
1035 1218 1232 1267 praeterita
1265 1230 1305 1254 se

113 1272 309 1310 Divitiaco
337 1271 449 1308 fratri
469 1271 685 1308 condonare
704 1271 809 1308 dicit.
867 1271 1101 1318 Dumnorigi
1129 1271 1306 1309 custodes

112 1325 232 1375 ponit,
253 1331 296 1362 ut
315 1337 400 1374 quae
419 1330 521 1373 agat,
540 1325 771 1374 quibuscum
790 1324 981 1373 loquatur,
1000 1325 1097 1362 scire
1116 1325 1250 1373 possit.

167 1378 288 1416 XXI.
318 1378 467 1415 Eodem
494 1378 556 1416 die
584 1379 632 1415 ab
661 1378 972 1427 exploratoribus
1000 1378 1141 1415 certior
1166 1377 1303 1422 factus,

112 1432 242 1470 hostes
271 1432 342 1469 sub
373 1437 503 1469 monte
535 1431 751 1469 consedisse
778 1431 899 1469 millia
918 1444 1098 1479 passuum
1119 1432 1166 1468 ab
1185 1431 1307 1480 ipsius

114 1486 250 1523 castris
269 1490 370 1523 octoz
389 1485 513 1533 qualis
533 1492 634 1522 esset
652 1490 791 1522 natura
810 1485 951 1522 montis
969 1490 1008 1523 et
1026 1485 1151 1533 qualis
1169 1484 1211 1520 in
1230 1485 1306 1522 cir·-

115 1539 222 1576 cuitu
237 1539 453 1581 adscensus,
474 1538 542 1587 qui
557 1543 832 1586 cognoscerent
847 1538 964 1575 misit.
1020 1538 1308 1576 Renunciatum

115 1597 184 1638 est,
203 1591 355 1629 facilem
375 1603 468 1629 esse.
526 1591 586 1629 De
605 1589 721 1629 tertia
739 1591 875 1641 vigilia
896 1592 943 1628 T.
960 1591 1187 1636 Labienum,
1203 1591 1308 1640 lega-

115 1651 199 1683 tum
217 1657 287 1694 pro
305 1650 479 1693 praetore,
500 1657 588 1682 cum
608 1646 756 1682 duabus
775 1645 992 1694 legionibus
1012 1651 1051 1683 et
1069 1645 1117 1682 iis
1132 1645 1306 1689 ducibus,

115 1699 182 1746 qui
213 1699 289 1736 iter
317 1704 589 1748 cognoverant,
610 1711 805 1736 summum
826 1697 970 1746 jugum
989 1698 1130 1735 montis
1150 1699 1308 1736 adscen-

116 1752 206 1789 dere
237 1750 350 1799 jubet
357 1766 367 1795 ;
399 1752 493 1801 quid
525 1752 586 1789 sui
622 1752 773 1789 consilii
810 1752 871 1795 sit,
901 1752 1080 1789 ostendit.
1137 1752 1228 1801 Ipse
1260 1751 1309 1788 de

116 1803 255 1853 quarta
273 1802 408 1854 vigilia
426 1805 560 1842 eodem
578 1805 728 1850 itinere,
756 1818 832 1854 quo
861 1806 990 1843 hostes
1018 1805 1158 1850 ierant,
1176 1805 1225 1841 ad
1243 1817 1308 1842 eos

117 1859 314 1896 contendit
350 1859 644 1908 equitatumque
680 1871 833 1896 omnem
870 1865 959 1896 ante
997 1871 1038 1896 se
1069 1858 1200 1896 mittit.
1257 1858 1309 1894 P.

117 1910 334 1956 Considius,
348 1911 415 1961 qui
429 1912 487 1949 rei
502 1912 680 1949 militaris
699 1911 955 1961 peritissimus
974 1912 1200 1957 habebatur,
1217 1911 1310 1949 etin

118 1965 291 2002 exercitu
321 1965 366 2002 L.
400 1963 514 2002 Sullae
545 1971 584 2002 et
611 1970 742 2013 postea
769 1966 810 2001 in
832 1965 888 2002 M.
912 1965 1043 2002 Crassi
1062 1965 1202 2011 fuerat,
1221 1977 1308 2002 cum

119 2018 426 2067 exploratoribus
445 2019 707 2068 praemittitur.

173 2071 316 2108 XXII.
344 2072 478 2108 Prima
493 2072 589 2117 luce,
602 2084 722 2120 quum
738 2084 908 2109 summus
923 2084 1032 2109 mons
1045 2085 1067 2109 a
1080 2071 1126 2109 T.
1136 2071 1310 2109 Labieno

120 2130 330 2170 teneretur,
348 2125 429 2174 ipse
449 2127 496 2163 ab
514 2126 684 2163 hostium
704 2126 840 2163 castris
859 2138 937 2162 non
964 2125 1117 2175 longius
1144 2125 1249 2163 mille
1268 2131 1308 2162 et

120 2178 343 2227 quingentis
361 2179 535 2226 passibus
553 2180 714 2226 abesset,
733 2192 858 2228 neque
878 2185 921 2216 ut
939 2185 1071 2228 postea
1083 2191 1132 2216 ex
1145 2178 1311 2228 captivis

121 2231 318 2279 comperit,
358 2237 423 2268 aut
451 2232 572 2282 ipsius
599 2233 801 2278 adventus,
830 2239 896 2270 aut
933 2232 1097 2270 Labieni
1133 2232 1311 2282 cognitus

120 2290 235 2321 esset:
266 2283 472 2322 Considius
499 2298 597 2334 equo
623 2286 789 2324 admisso
816 2287 865 2323 ad
892 2299 980 2324 eum
1006 2286 1190 2329 accurrit3
1218 2285 1312 2322 dicit

121 2343 301 2383 montem,
318 2350 432 2386 quem
445 2350 466 2374 a
485 2338 656 2377 Labieno
675 2340 854 2389 occupari
873 2340 1051 2385 voluerit,
1068 2340 1116 2377 ab
1135 2339 1310 2376 hostibus

121 2391 243 2429 teneri
251 2406 262 2436 3
294 2391 333 2428 id
363 2404 402 2430 se
422 2404 444 2430 a
465 2390 626 2430 Gallicis
655 2393 771 2431 armis
796 2400 911 2442 atque
934 2393 1151 2442 insignibus
1170 2403 1310 2440 cogno-
