<?xml version="1.0" encoding="UTF-8"?>
<!DOCTYPE html PUBLIC "-//W3C//DTD XHTML 1.0 Transitional//EN"
    "http://www.w3.org/TR/xhtml1/DTD/xhtml1-transitional.dtd">
<html xmlns="http://www.w3.org/1999/xhtml" xml:lang="en" lang="en">
 <head>
  <title>
</title>
<meta http-equiv="Content-Type" content="text/html;charset=utf-8" />
  <meta name='ocr-system' content='tesseract 3.04.00' />
  <meta name='ocr-capabilities' content='ocr_page ocr_carea ocr_par ocr_line ocrx_word'/>
</head>
<body>
  <div class='ocr_page' id='page_1' title='image "./curriculumlatinu01mont_0196.png"; bbox 0 0 1496 2671; ppageno 0'>
   <div class='ocr_carea' id='block_1_1' title="bbox 196 237 1056 278">
    <p class='ocr_par' dir='ltr' id='par_1_1' title="bbox 196 237 1056 278">
     <span class='ocr_line' id='line_1_1' title="bbox 196 237 1056 278; baseline -0.002 -1"><span class='ocrx_word' id='word_1_1' title='bbox 196 241 248 277; x_wconf 84' lang='lat'>46</span> <span class='ocrx_word' id='word_1_2' title='bbox 534 238 579 277; x_wconf 79' lang='lat' dir='ltr'>C.</span> <span class='ocrx_word' id='word_1_3' title='bbox 609 238 763 278; x_wconf 71' lang='lat' dir='ltr'>JULII</span> <span class='ocrx_word' id='word_1_4' title='bbox 795 237 1056 278; x_wconf 80' lang='lat' dir='ltr'>CAESARIS</span> 
     </span>
    </p>
   </div>
   <div class='ocr_carea' id='block_1_2' title="bbox 201 344 1395 397">
    <p class='ocr_par' dir='ltr' id='par_1_2' title="bbox 201 344 1395 397">
     <span class='ocr_line' id='line_1_2' title="bbox 201 344 1395 397; baseline -0.003 -13"><span class='ocrx_word' id='word_1_5' title='bbox 201 346 404 384; x_wconf 57' lang='lat' dir='ltr'>maritimae</span> <span class='ocrx_word' id='word_1_6' title='bbox 426 346 602 384; x_wconf 84' lang='lat' dir='ltr'>civitates</span> <span class='ocrx_word' id='word_1_7' title='bbox 624 345 897 397; x_wconf 79' lang='lat' dir='ltr'>Oceanumque</span> <span class='ocrx_word' id='word_1_8' title='bbox 917 348 1125 397; x_wconf 82' lang='lat' dir='ltr'>attingunt,</span> <span class='ocrx_word' id='word_1_9' title='bbox 1156 345 1298 383; x_wconf 80' lang='lat' dir='ltr'>certior</span> <span class='ocrx_word' id='word_1_10' title='bbox 1315 344 1395 382; x_wconf 87' lang='lat' dir='ltr'>fac-</span> 
     </span>
    </p>
   </div>
   <div class='ocr_carea' id='block_1_3' title="bbox 201 402 1398 503">
    <p class='ocr_par' dir='ltr' id='par_1_3' title="bbox 201 402 1398 503">
     <span class='ocr_line' id='line_1_3' title="bbox 201 402 1398 450; baseline -0.002 -14"><span class='ocrx_word' id='word_1_11' title='bbox 201 407 264 437; x_wconf 86' lang='lat' dir='ltr'>tus</span> <span class='ocrx_word' id='word_1_12' title='bbox 284 406 353 442; x_wconf 87' lang='lat' dir='ltr'>est,</span> <span class='ocrx_word' id='word_1_13' title='bbox 375 412 506 438; x_wconf 85' lang='lat' dir='ltr'>omnes</span> <span class='ocrx_word' id='word_1_14' title='bbox 526 413 589 438; x_wconf 85' lang='lat' dir='ltr'>eas</span> <span class='ocrx_word' id='word_1_15' title='bbox 617 402 794 439; x_wconf 85' lang='lat' dir='ltr'>civitates</span> <span class='ocrx_word' id='word_1_16' title='bbox 812 402 854 438; x_wconf 88' lang='lat' dir='ltr'>in</span> <span class='ocrx_word' id='word_1_17' title='bbox 882 402 1065 439; x_wconf 81' lang='lat' dir='ltr'><strong>ditionem</strong></span> <span class='ocrx_word' id='word_1_18' title='bbox 1093 405 1398 450; x_wconf 85' lang='lat' dir='ltr'>potestatemque</span> 
     </span>
     <span class='ocr_line' id='line_1_4' title="bbox 203 453 835 503; baseline 0 -12"><span class='ocrx_word' id='word_1_19' title='bbox 203 453 337 503; x_wconf 85' lang='lat' dir='ltr'>populi</span> <span class='ocrx_word' id='word_1_20' title='bbox 358 453 525 490; x_wconf 83' lang='lat' dir='ltr'>Romani</span> <span class='ocrx_word' id='word_1_21' title='bbox 545 466 627 492; x_wconf 77' lang='lat' dir='ltr'>esse</span> <span class='ocrx_word' id='word_1_22' title='bbox 646 456 835 493; x_wconf 79' lang='lat' dir='ltr'>redactas.</span> 
     </span>
    </p>
   </div>
   <div class='ocr_carea' id='block_1_4' title="bbox 205 503 1412 1038">
    <p class='ocr_par' dir='ltr' id='par_1_4' title="bbox 205 503 1412 1038">
     <span class='ocr_line' id='line_1_5' title="bbox 257 503 1401 558; baseline -0.001 -15"><span class='ocrx_word' id='word_1_23' title='bbox 257 507 444 544; x_wconf 86' lang='lat' dir='ltr'>XXXV.</span> <span class='ocrx_word' id='word_1_24' title='bbox 475 507 551 544; x_wconf 88' lang='lat' dir='ltr'>His</span> <span class='ocrx_word' id='word_1_25' title='bbox 567 510 684 546; x_wconf 88' lang='lat' dir='ltr'>rebus</span> <span class='ocrx_word' id='word_1_26' title='bbox 713 510 834 558; x_wconf 87' lang='lat' dir='ltr'>gestis</span> <span class='ocrx_word' id='word_1_27' title='bbox 854 509 957 545; x_wconf 88' lang='lat' dir='ltr'>omni</span> <span class='ocrx_word' id='word_1_28' title='bbox 979 505 1106 545; x_wconf 66' lang='lat' dir='ltr'>Gallia</span> <span class='ocrx_word' id='word_1_29' title='bbox 1124 503 1270 556; x_wconf 62' lang='lat' dir='ltr'>pacata,</span> <span class='ocrx_word' id='word_1_30' title='bbox 1291 510 1401 542; x_wconf 81' lang='lat' dir='ltr'>tanta</span> 
     </span>
     <span class='ocr_line' id='line_1_6' title="bbox 205 559 1401 611; baseline -0.002 -14"><span class='ocrx_word' id='word_1_31' title='bbox 205 560 323 609; x_wconf 84' lang='lat' dir='ltr'>hujus</span> <span class='ocrx_word' id='word_1_32' title='bbox 342 561 432 598; x_wconf 90' lang='lat' dir='ltr'>belli</span> <span class='ocrx_word' id='word_1_33' title='bbox 454 561 502 598; x_wconf 87' lang='lat' dir='ltr'>ad</span> <span class='ocrx_word' id='word_1_34' title='bbox 531 563 714 600; x_wconf 84' lang='lat' dir='ltr'>barbaros</span> <span class='ocrx_word' id='word_1_35' title='bbox 746 563 876 611; x_wconf 82' lang='lat' dir='ltr'>opinio</span> <span class='ocrx_word' id='word_1_36' title='bbox 908 562 1057 611; x_wconf 85' lang='lat' dir='ltr'>perlata</span> <span class='ocrx_word' id='word_1_37' title='bbox 1089 568 1160 606; x_wconf 86' lang='lat' dir='ltr'>est,</span> <span class='ocrx_word' id='word_1_38' title='bbox 1180 559 1239 597; x_wconf 90' lang='lat' dir='ltr'>uti</span> <span class='ocrx_word' id='word_1_39' title='bbox 1263 560 1312 597; x_wconf 90' lang='lat' dir='ltr'>ab</span> <span class='ocrx_word' id='word_1_40' title='bbox 1339 559 1401 595; x_wconf 84' lang='lat' dir='ltr'>his</span> 
     </span>
     <span class='ocr_line' id='line_1_7' title="bbox 206 613 1403 663; baseline -0.001 -13"><span class='ocrx_word' id='word_1_41' title='bbox 206 615 440 659; x_wconf 85' lang='lat' dir='ltr'>nationibus,</span> <span class='ocrx_word' id='word_1_42' title='bbox 462 627 546 663; x_wconf 82' lang='lat' dir='ltr'>quae</span> <span class='ocrx_word' id='word_1_43' title='bbox 576 623 681 653; x_wconf 82' lang='lat' dir='ltr'>trans</span> <span class='ocrx_word' id='word_1_44' title='bbox 701 616 882 653; x_wconf 84' lang='lat' dir='ltr'>Rhenum</span> <span class='ocrx_word' id='word_1_45' title='bbox 911 615 1134 659; x_wconf 84' lang='lat' dir='ltr'>incolerent,</span> <span class='ocrx_word' id='word_1_46' title='bbox 1153 613 1403 651; x_wconf 74' lang='lat' dir='ltr'>mitterentur</span> 
     </span>
     <span class='ocr_line' id='line_1_8' title="bbox 206 667 1404 718; baseline -0.003 -13"><span class='ocrx_word' id='word_1_47' title='bbox 206 668 324 717; x_wconf 86' lang='lat' dir='ltr'>legati</span> <span class='ocrx_word' id='word_1_48' title='bbox 345 668 393 705; x_wconf 79' lang='lat' dir='ltr'>acl</span> <span class='ocrx_word' id='word_1_49' title='bbox 420 667 622 716; x_wconf 71' lang='lat' dir='ltr'>Caesarem,</span> <span class='ocrx_word' id='word_1_50' title='bbox 651 680 737 718; x_wconf 77' lang='lat' dir='ltr'>quae</span> <span class='ocrx_word' id='word_1_51' title='bbox 767 682 808 707; x_wconf 89' lang='lat' dir='ltr'>se</span> <span class='ocrx_word' id='word_1_52' title='bbox 835 669 986 706; x_wconf 86' lang='lat' dir='ltr'>obsides</span> <span class='ocrx_word' id='word_1_53' title='bbox 1015 669 1187 712; x_wconf 81' lang='lat' dir='ltr'>daturas,</span> <span class='ocrx_word' id='word_1_54' title='bbox 1214 667 1404 715; x_wconf 84' lang='lat' dir='ltr'>imperata</span> 
     </span>
     <span class='ocr_line' id='line_1_9' title="bbox 207 719 1406 771; baseline -0.003 -13"><span class='ocrx_word' id='word_1_55' title='bbox 207 721 377 759; x_wconf 84' lang='lat' dir='ltr'>facturas</span> <span class='ocrx_word' id='word_1_56' title='bbox 405 722 694 770; x_wconf 84' lang='lat' dir='ltr'>pollicerentur:</span> <span class='ocrx_word' id='word_1_57' title='bbox 723 736 819 771; x_wconf 85' lang='lat' dir='ltr'>quas</span> <span class='ocrx_word' id='word_1_58' title='bbox 837 723 1049 771; x_wconf 81' lang='lat' dir='ltr'>legationes</span> <span class='ocrx_word' id='word_1_59' title='bbox 1070 721 1214 766; x_wconf 83' lang='lat' dir='ltr'>Caesar,</span> <span class='ocrx_word' id='word_1_60' title='bbox 1242 719 1345 767; x_wconf 88' lang='lat' dir='ltr'>quod</span> <span class='ocrx_word' id='word_1_61' title='bbox 1364 719 1406 755; x_wconf 89' lang='lat' dir='ltr'>in</span> 
     </span>
     <span class='ocr_line' id='line_1_10' title="bbox 210 771 1407 825; baseline -0.003 -13"><span class='ocrx_word' id='word_1_62' title='bbox 210 775 365 812; x_wconf 84' lang='lat' dir='ltr'>Italiam</span> <span class='ocrx_word' id='word_1_63' title='bbox 383 775 663 824; x_wconf 84' lang='lat' dir='ltr'>Illyricumque</span> <span class='ocrx_word' id='word_1_64' title='bbox 692 777 934 825; x_wconf 81' lang='lat' dir='ltr'>properabat,</span> <span class='ocrx_word' id='word_1_65' title='bbox 955 775 1053 812; x_wconf 70' lang='lat' dir='ltr'>inita</span> <span class='ocrx_word' id='word_1_66' title='bbox 1078 771 1407 824; x_wconf 63' lang='lat' dir='ltr'>proxima‘aestate</span> 
     </span>
     <span class='ocr_line' id='line_1_11' title="bbox 210 826 1407 878; baseline -0.003 -12"><span class='ocrx_word' id='word_1_67' title='bbox 210 829 258 866; x_wconf 79' lang='lat' dir='ltr'>ad</span> <span class='ocrx_word' id='word_1_68' title='bbox 279 841 320 866; x_wconf 87' lang='lat' dir='ltr'>se</span> <span class='ocrx_word' id='word_1_69' title='bbox 339 829 484 866; x_wconf 84' lang='lat' dir='ltr'>reverti</span> <span class='ocrx_word' id='word_1_70' title='bbox 497 829 628 877; x_wconf 84' lang='lat' dir='ltr'>jussit.</span> <span class='ocrx_word' id='word_1_71' title='bbox 686 830 776 878; x_wconf 85' lang='lat' dir='ltr'>Ipse</span> <span class='ocrx_word' id='word_1_72' title='bbox 794 830 834 865; x_wconf 89' lang='lat' dir='ltr'>in</span> <span class='ocrx_word' id='word_1_73' title='bbox 858 829 1063 874; x_wconf 82' lang='lat' dir='ltr'>Carnutes,</span> <span class='ocrx_word' id='word_1_74' title='bbox 1084 827 1230 872; x_wconf 82' lang='lat' dir='ltr'>Andes,</span> <span class='ocrx_word' id='word_1_75' title='bbox 1253 826 1407 863; x_wconf 88' lang='lat' dir='ltr'>Turon-</span> 
     </span>
     <span class='ocr_line' id='line_1_12' title="bbox 211 878 1408 932; baseline -0.005 -12"><span class='ocrx_word' id='word_1_76' title='bbox 211 895 340 931; x_wconf 87' lang='lat' dir='ltr'>esque,</span> <span class='ocrx_word' id='word_1_77' title='bbox 366 894 451 930; x_wconf 83' lang='lat' dir='ltr'>quae</span> <span class='ocrx_word' id='word_1_78' title='bbox 489 883 667 920; x_wconf 83' lang='lat' dir='ltr'>civitates</span> <span class='ocrx_word' id='word_1_79' title='bbox 703 883 929 932; x_wconf 61' lang='lat' dir='ltr'>propinquae</span> <span class='ocrx_word' id='word_1_80' title='bbox 966 883 1027 919; x_wconf 87' lang='lat' dir='ltr'>his</span> <span class='ocrx_word' id='word_1_81' title='bbox 1063 882 1157 919; x_wconf 85' lang='lat' dir='ltr'>locis</span> <span class='ocrx_word' id='word_1_82' title='bbox 1189 885 1311 925; x_wconf 86' lang='lat' dir='ltr'>erant,</span> <span class='ocrx_word' id='word_1_83' title='bbox 1341 878 1408 916; x_wconf 88' lang='lat' dir='ltr'>ubi</span> 
     </span>
     <span class='ocr_line' id='line_1_13' title="bbox 212 932 1409 985; baseline -0.003 -13"><span class='ocrx_word' id='word_1_84' title='bbox 212 936 356 972; x_wconf 89' lang='lat' dir='ltr'>bellum</span> <span class='ocrx_word' id='word_1_85' title='bbox 390 942 573 985; x_wconf 85' lang='lat' dir='ltr'>gesserat,</span> <span class='ocrx_word' id='word_1_86' title='bbox 613 936 831 985; x_wconf 82' lang='lat' dir='ltr'>legionibus</span> <span class='ocrx_word' id='word_1_87' title='bbox 868 937 910 973; x_wconf 88' lang='lat' dir='ltr'>in</span> <span class='ocrx_word' id='word_1_88' title='bbox 942 937 1106 974; x_wconf 84' lang='lat' dir='ltr'>hiberna</span> <span class='ocrx_word' id='word_1_89' title='bbox 1143 934 1331 978; x_wconf 76' lang='lat' dir='ltr'>deductis,</span> <span class='ocrx_word' id='word_1_90' title='bbox 1367 932 1409 968; x_wconf 88' lang='lat' dir='ltr'>in</span> 
     </span>
     <span class='ocr_line' id='line_1_14' title="bbox 213 985 1412 1038; baseline -0.003 -13"><span class='ocrx_word' id='word_1_91' title='bbox 213 988 369 1026; x_wconf 86' lang='lat' dir='ltr'>Italiam</span> <span class='ocrx_word' id='word_1_92' title='bbox 398 989 591 1037; x_wconf 85' lang='lat' dir='ltr'>profectus</span> <span class='ocrx_word' id='word_1_93' title='bbox 611 997 682 1035; x_wconf 88' lang='lat' dir='ltr'>est,</span> <span class='ocrx_word' id='word_1_94' title='bbox 708 991 757 1027; x_wconf 93' lang='lat' dir='ltr'>ob</span> <span class='ocrx_word' id='word_1_95' title='bbox 777 1003 916 1038; x_wconf 89' lang='lat' dir='ltr'>easque</span> <span class='ocrx_word' id='word_1_96' title='bbox 935 1002 997 1027; x_wconf 86' lang='lat' dir='ltr'>res</span> <span class='ocrx_word' id='word_1_97' title='bbox 1017 1002 1067 1027; x_wconf 83' lang='lat' dir='ltr'>ex</span> <span class='ocrx_word' id='word_1_98' title='bbox 1094 988 1218 1027; x_wconf 86' lang='lat' dir='ltr'>literis</span> <span class='ocrx_word' id='word_1_99' title='bbox 1248 985 1412 1025; x_wconf 84' lang='lat' dir='ltr'>Caesaris</span> 
     </span>
    </p>
   </div>
   <div class='ocr_carea' id='block_1_5' title="bbox 215 1041 1412 1134">
    <p class='ocr_par' dir='ltr' id='par_1_5' title="bbox 215 1041 1412 1134">
     <span class='ocr_line' id='line_1_15' title="bbox 215 1041 1412 1133; baseline 0.001 -54"><span class='ocrx_word' id='word_1_100' title='bbox 215 1042 410 1132; x_wconf 73' lang='lat' dir='ltr'>diestV</span> <span class='ocrx_word' id='word_1_101' title='bbox 428 1044 667 1133; x_wconf 63' lang='grc' dir='ltr'>ΙῗυρρΠραῐίο</span> <span class='ocrx_word' id='word_1_102' title='bbox 695 1045 848 1082; x_wconf 82' lang='lat' dir='ltr'>decreta</span> <span class='ocrx_word' id='word_1_103' title='bbox 877 1050 944 1089; x_wconf 85' lang='lat' dir='ltr'>est,</span> <span class='ocrx_word' id='word_1_104' title='bbox 966 1044 1066 1093; x_wconf 91' lang='lat' dir='ltr'>quod</span> <span class='ocrx_word' id='word_1_105' title='bbox 1094 1049 1183 1082; x_wconf 87' lang='lat' dir='ltr'>ante</span> <span class='ocrx_word' id='word_1_106' title='bbox 1202 1041 1239 1078; x_wconf 74' lang='lat' dir='ltr'>id</span> <span class='ocrx_word' id='word_1_107' title='bbox 1260 1048 1412 1090; x_wconf 81' lang='lat' dir='ltr'>tempus</span> 
     </span>
     <span class='ocr_line' id='line_1_16' title="bbox 215 1097 485 1134; baseline 0 -1"><span class='ocrx_word' id='word_1_108' title='bbox 215 1097 294 1133; x_wconf 86' lang='lat' dir='ltr'>acci</span> <span class='ocrx_word' id='word_1_109' title='bbox 324 1097 354 1133; x_wconf 75' lang='lat' dir='ltr'>it</span> <span class='ocrx_word' id='word_1_110' title='bbox 372 1109 424 1134; x_wconf 89' lang='lat' dir='ltr'>nu</span> <span class='ocrx_word' id='word_1_111' title='bbox 457 1097 485 1133; x_wconf 90' lang='lat' dir='ltr'>i.</span> 
     </span>
    </p>
   </div>
   <div class='ocr_carea' id='block_1_6' title="bbox 446 1224 1206 1238">
    <p class='ocr_par' dir='ltr' id='par_1_6' title="bbox 446 1224 1206 1238">
     <span class='ocr_line' id='line_1_17' title="bbox 446 1224 1206 1238; baseline 0 -1"><span class='ocrx_word' id='word_1_112' title='bbox 446 1224 449 1229; x_wconf 73' lang='grc'><strong>“</strong></span> <span class='ocrx_word' id='word_1_113' title='bbox 473 1229 523 1237; x_wconf 61' lang='grc' dir='ltr'>ΛΜ</span> <span class='ocrx_word' id='word_1_114' title='bbox 850 1230 938 1238; x_wconf 55' lang='lat' dir='ltr'>wmzv·</span> <span class='ocrx_word' id='word_1_115' title='bbox 943 1225 1206 1237; x_wconf 54' lang='lat' dir='ltr'>th</span> 
     </span>
    </p>
   </div>
   <div class='ocr_carea' id='block_1_7' title="bbox 582 1320 1040 1358">
    <p class='ocr_par' dir='ltr' id='par_1_7' title="bbox 582 1320 1040 1358">
     <span class='ocr_line' id='line_1_18' title="bbox 582 1320 1040 1358; baseline 0.004 -2"><span class='ocrx_word' id='word_1_116' title='bbox 582 1320 672 1358; x_wconf 89' lang='lat' dir='ltr'>LIB</span> <span class='ocrx_word' id='word_1_117' title='bbox 682 1320 751 1358; x_wconf 74' lang='lat' dir='ltr'>ER</span> <span class='ocrx_word' id='word_1_118' title='bbox 781 1320 1040 1358; x_wconf 82' lang='lat' dir='ltr'>TERTIUS.</span> 
     </span>
    </p>
   </div>
   <div class='ocr_carea' id='block_1_8' title="bbox 220 1414 1430 2003">
    <p class='ocr_par' dir='ltr' id='par_1_8' title="bbox 220 1414 1430 2003">
     <span class='ocr_line' id='line_1_19' title="bbox 276 1414 1419 1466; baseline -0.003 -12"><span class='ocrx_word' id='word_1_119' title='bbox 276 1417 455 1454; x_wconf 77' lang='lat' dir='ltr'>Hiberna</span> <span class='ocrx_word' id='word_1_120' title='bbox 491 1418 619 1455; x_wconf 65' lang='lat' dir='ltr'>Servii</span> <span class='ocrx_word' id='word_1_121' title='bbox 652 1417 790 1455; x_wconf 62' lang='lat' dir='ltr'>Galbae</span> <span class='ocrx_word' id='word_1_122' title='bbox 818 1420 858 1455; x_wconf 81' lang='lat' dir='ltr'>iu</span> <span class='ocrx_word' id='word_1_123' title='bbox 887 1415 1068 1466; x_wconf 70' lang='lat' dir='ltr'>Verayris</span> <span class='ocrx_word' id='word_1_124' title='bbox 1085 1423 1122 1454; x_wconf 86' lang='lat' dir='ltr'>et</span> <span class='ocrx_word' id='word_1_125' title='bbox 1148 1414 1419 1454; x_wconf 74' lang='lat' dir='ltr'>Nantuatibus</span> 
     </span>
     <span class='ocr_line' id='line_1_20' title="bbox 223 1469 1420 1520; baseline -0.002 -13"><span class='ocrx_word' id='word_1_126' title='bbox 223 1484 308 1520; x_wconf 81' lang='lat' dir='ltr'>cap.</span> <span class='ocrx_word' id='word_1_127' title='bbox 354 1473 385 1508; x_wconf 89' lang='lat' dir='ltr'>l.</span> <span class='ocrx_word' id='word_1_128' title='bbox 454 1470 584 1509; x_wconf 82' lang='lat' dir='ltr'>Motus</span> <span class='ocrx_word' id='word_1_129' title='bbox 629 1471 837 1509; x_wconf 80' lang='lat' dir='ltr'>Gallorum</span> <span class='ocrx_word' id='word_1_130' title='bbox 875 1474 910 1509; x_wconf 80' lang='lat'>2.</span> <span class='ocrx_word' id='word_1_131' title='bbox 969 1471 1191 1508; x_wconf 81' lang='lat' dir='ltr'>Periculum</span> <span class='ocrx_word' id='word_1_132' title='bbox 1229 1469 1420 1508; x_wconf 80' lang='lat' dir='ltr'>Romanoe</span> 
     </span>
     <span class='ocr_line' id='line_1_21' title="bbox 226 1522 1419 1574; baseline -0.001 -14"><span class='ocrx_word' id='word_1_133' title='bbox 226 1525 396 1574; x_wconf 70' lang='lat' dir='ltr'>leyiouis.</span> <span class='ocrx_word' id='word_1_134' title='bbox 463 1525 644 1563; x_wconf 79' lang='lat' dir='ltr'>Victoria.</span> <span class='ocrx_word' id='word_1_135' title='bbox 701 1525 784 1562; x_wconf 88' lang='lat' dir='ltr'>Iter</span> <span class='ocrx_word' id='word_1_136' title='bbox 796 1527 836 1561; x_wconf 78' lang='lat' dir='ltr'>in</span> <span class='ocrx_word' id='word_1_137' title='bbox 850 1526 1101 1562; x_wconf 77' lang='lat' dir='ltr'>Provinciam</span> <span class='ocrx_word' id='word_1_138' title='bbox 1113 1526 1199 1562; x_wconf 86' lang='grc'><strong>3-6.</strong></span> <span class='ocrx_word' id='word_1_139' title='bbox 1255 1522 1419 1560; x_wconf 80' lang='lat' dir='ltr'>Novum</span> 
     </span>
     <span class='ocr_line' id='line_1_22' title="bbox 227 1576 1420 1629; baseline 0 -15"><span class='ocrx_word' id='word_1_140' title='bbox 227 1578 365 1614; x_wconf 86' lang='lat' dir='ltr'>bellum</span> <span class='ocrx_word' id='word_1_141' title='bbox 385 1580 426 1614; x_wconf 86' lang='lat' dir='ltr'>in</span> <span class='ocrx_word' id='word_1_142' title='bbox 439 1578 648 1616; x_wconf 78' lang='lat' dir='ltr'>Armorica</span> <span class='ocrx_word' id='word_1_143' title='bbox 669 1579 892 1616; x_wconf 82' lang='lat' dir='ltr'>auctoribus</span> <span class='ocrx_word' id='word_1_144' title='bbox 922 1579 1068 1617; x_wconf 61' lang='lat' dir='ltr'>leneas</span> <span class='ocrx_word' id='word_1_145' title='bbox 1079 1577 1303 1629; x_wconf 77' lang='lat' dir='ltr'>conflatum.</span> <span class='ocrx_word' id='word_1_146' title='bbox 1334 1576 1420 1627; x_wconf 84' lang='lat' dir='ltr'>Ap-</span> 
     </span>
     <span class='ocr_line' id='line_1_23' title="bbox 220 1631 1424 1682; baseline -0.002 -14"><span class='ocrx_word' id='word_1_147' title='bbox 220 1638 394 1682; x_wconf 75' lang='lat' dir='ltr'>paratus</span> <span class='ocrx_word' id='word_1_148' title='bbox 430 1633 484 1668; x_wconf 81' lang='lat' dir='ltr'>ad</span> <span class='ocrx_word' id='word_1_149' title='bbox 519 1633 563 1669; x_wconf 85' lang='lat' dir='ltr'>id</span> <span class='ocrx_word' id='word_1_150' title='bbox 597 1632 736 1670; x_wconf 84' lang='lat' dir='ltr'>bellum</span> <span class='ocrx_word' id='word_1_151' title='bbox 771 1633 916 1672; x_wconf 77' lang='lat'>7—11.</span> <span class='ocrx_word' id='word_1_152' title='bbox 979 1632 1085 1669; x_wconf 83' lang='lat' dir='ltr'>Situs</span> <span class='ocrx_word' id='word_1_153' title='bbox 1133 1631 1358 1670; x_wconf 74' lang='lat' dir='ltr'>Venetorum</span> <span class='ocrx_word' id='word_1_154' title='bbox 1386 1636 1424 1666; x_wconf 88' lang='lat' dir='ltr'>et</span> 
     </span>
     <span class='ocr_line' id='line_1_24' title="bbox 230 1684 1423 1732; baseline -0.001 -11"><span class='ocrx_word' id='word_1_155' title='bbox 230 1690 438 1722; x_wconf 63' lang='lat' dir='ltr'>armatura</span> <span class='ocrx_word' id='word_1_156' title='bbox 476 1685 608 1722; x_wconf 74' lang='lat' dir='ltr'>classis</span> <span class='ocrx_word' id='word_1_157' title='bbox 650 1688 708 1732; x_wconf 80' lang='lat'>12,</span> <span class='ocrx_word' id='word_1_158' title='bbox 752 1689 810 1723; x_wconf 87' lang='grc'>13.</span> <span class='ocrx_word' id='word_1_159' title='bbox 887 1686 1071 1723; x_wconf 73' lang='lat' dir='ltr'>Proelium</span> <span class='ocrx_word' id='word_1_160' title='bbox 1108 1684 1260 1730; x_wconf 71' lang='lat' dir='ltr'>navale,</span> <span class='ocrx_word' id='word_1_161' title='bbox 1296 1684 1423 1721; x_wconf 83' lang='lat' dir='ltr'>clades</span> 
     </span>
     <span class='ocr_line' id='line_1_25' title="bbox 241 1737 1424 1783; baseline -0.003 -7"><span class='ocrx_word' id='word_1_162' title='bbox 241 1739 464 1776; x_wconf 74' lang='lat' dir='ltr'>Venetmum</span> <span class='ocrx_word' id='word_1_163' title='bbox 488 1740 654 1777; x_wconf 77' lang='lat'>14—16.</span> <span class='ocrx_word' id='word_1_164' title='bbox 702 1739 785 1776; x_wconf 84' lang='lat' dir='ltr'>Iter</span> <span class='ocrx_word' id='word_1_165' title='bbox 812 1739 857 1783; x_wconf 80' lang='lat' dir='ltr'>Q.</span> <span class='ocrx_word' id='word_1_166' title='bbox 883 1739 1028 1776; x_wconf 79' lang='lat' dir='ltr'>Titurii</span> <span class='ocrx_word' id='word_1_167' title='bbox 1039 1740 1079 1775; x_wconf 80' lang='lat' dir='ltr'>in</span> <span class='ocrx_word' id='word_1_168' title='bbox 1108 1737 1274 1777; x_wconf 76' lang='lat' dir='ltr'>Unellos.</span> <span class='ocrx_word' id='word_1_169' title='bbox 1329 1737 1424 1774; x_wconf 79' lang='lat' dir='ltr'>Cas-</span> 
     </span>
     <span class='ocr_line' id='line_1_26' title="bbox 231 1792 1423 1843; baseline -0.003 -15"><span class='ocrx_word' id='word_1_170' title='bbox 231 1799 294 1828; x_wconf 78' lang='lat' dir='ltr'>{ra</span> <span class='ocrx_word' id='word_1_171' title='bbox 327 1792 387 1831; x_wconf 87' lang='lat'>17.</span> <span class='ocrx_word' id='word_1_172' title='bbox 452 1792 581 1830; x_wconf 73' lang='lat' dir='ltr'>Unelli</span> <span class='ocrx_word' id='word_1_173' title='bbox 613 1794 764 1829; x_wconf 71' lang='lat' dir='ltr'>ratione</span> <span class='ocrx_word' id='word_1_174' title='bbox 796 1799 833 1829; x_wconf 91' lang='lat' dir='ltr'>et</span> <span class='ocrx_word' id='word_1_175' title='bbox 860 1793 1017 1830; x_wconf 74' lang='lat' dir='ltr'>consilio</span> <span class='ocrx_word' id='word_1_176' title='bbox 1049 1792 1227 1843; x_wconf 81' lang='lat' dir='ltr'>superati</span> <span class='ocrx_word' id='word_1_177' title='bbox 1266 1793 1324 1835; x_wconf 88' lang='grc'>18,</span> <span class='ocrx_word' id='word_1_178' title='bbox 1362 1792 1423 1828; x_wconf 91' lang='grc'>19.</span> 
     </span>
     <span class='ocr_line' id='line_1_27' title="bbox 238 1842 1426 1883; baseline -0.001 -3"><span class='ocrx_word' id='word_1_179' title='bbox 238 1847 401 1882; x_wconf 76' lang='lat' dir='ltr'>Sotiates</span> <span class='ocrx_word' id='word_1_180' title='bbox 420 1858 445 1882; x_wconf 87' lang='lat' dir='ltr'>a</span> <span class='ocrx_word' id='word_1_181' title='bbox 472 1846 511 1883; x_wconf 82' lang='lat' dir='ltr'>P.</span> <span class='ocrx_word' id='word_1_182' title='bbox 540 1846 678 1883; x_wconf 76' lang='lat' dir='ltr'>Crasso</span> <span class='ocrx_word' id='word_1_183' title='bbox 693 1848 797 1883; x_wconf 79' lang='lat' dir='ltr'>victi.</span> <span class='ocrx_word' id='word_1_184' title='bbox 856 1847 1033 1883; x_wconf 82' lang='lat' dir='ltr'>Soldurii</span> <span class='ocrx_word' id='word_1_185' title='bbox 1046 1847 1216 1882; x_wconf 83' lang='grc'>20--22,</span> <span class='ocrx_word' id='word_1_186' title='bbox 1274 1842 1426 1881; x_wconf 82' lang='lat' dir='ltr'>Deditio</span> 
     </span>
     <span class='ocr_line' id='line_1_28' title="bbox 232 1897 1430 1949; baseline -0.003 -13"><span class='ocrx_word' id='word_1_187' title='bbox 232 1901 410 1936; x_wconf 73' lang='lat' dir='ltr'>maoeimoe</span> <span class='ocrx_word' id='word_1_188' title='bbox 435 1902 562 1949; x_wconf 78' lang='lat' dir='ltr'>partis</span> <span class='ocrx_word' id='word_1_189' title='bbox 590 1900 817 1949; x_wconf 73' lang='lat' dir='ltr'>Aquitauice</span> <span class='ocrx_word' id='word_1_190' title='bbox 844 1901 1014 1938; x_wconf 79' lang='lat'><strong>23—27.</strong></span> <span class='ocrx_word' id='word_1_191' title='bbox 1071 1900 1154 1935; x_wconf 84' lang='lat' dir='ltr'>Iter</span> <span class='ocrx_word' id='word_1_192' title='bbox 1189 1898 1354 1935; x_wconf 67' lang='lat' dir='ltr'>Caesaris</span> <span class='ocrx_word' id='word_1_193' title='bbox 1374 1897 1430 1933; x_wconf 86' lang='lat' dir='ltr'>ad</span> 
     </span>
     <span class='ocr_line' id='line_1_29' title="bbox 231 1951 1426 2003; baseline -0.001 -14"><span class='ocrx_word' id='word_1_194' title='bbox 231 1954 407 1989; x_wconf 69' lang='lat' dir='ltr'>stlorz&#39;uos</span> <span class='ocrx_word' id='word_1_195' title='bbox 427 1960 463 1990; x_wconf 89' lang='lat' dir='ltr'>et</span> <span class='ocrx_word' id='word_1_196' title='bbox 491 1954 706 2003; x_wconf 70' lang='lat' dir='ltr'>Menapios.</span> <span class='ocrx_word' id='word_1_197' title='bbox 763 1954 952 2003; x_wconf 77' lang='lat' dir='ltr'>Receptus</span> <span class='ocrx_word' id='word_1_198' title='bbox 971 1953 1216 1989; x_wconf 75' lang='lat' dir='ltr'>Morinorum</span> <span class='ocrx_word' id='word_1_199' title='bbox 1236 1954 1278 1988; x_wconf 79' lang='lat' dir='ltr'>in</span> <span class='ocrx_word' id='word_1_200' title='bbox 1296 1951 1426 1988; x_wconf 79' lang='lat' dir='ltr'>silvas.</span> 
     </span>
    </p>
   </div>
   <div class='ocr_carea' id='block_1_9' title="bbox 231 2006 1427 2110">
    <p class='ocr_par' dir='ltr' id='par_1_9' title="bbox 231 2006 1427 2110">
     <span class='ocr_line' id='line_1_30' title="bbox 233 2006 1427 2056; baseline -0.002 -13"><span class='ocrx_word' id='word_1_201' title='bbox 233 2007 405 2056; x_wconf 75' lang='lat' dir='ltr'>Impetus</span> <span class='ocrx_word' id='word_1_202' title='bbox 424 2008 462 2043; x_wconf 80' lang='lat' dir='ltr'>in</span> <span class='ocrx_word' id='word_1_203' title='bbox 498 2007 692 2044; x_wconf 72' lang='lat' dir='ltr'>Romanos</span> <span class='ocrx_word' id='word_1_204' title='bbox 712 2009 778 2044; x_wconf 77' lang='lat'>28.</span> <span class='ocrx_word' id='word_1_205' title='bbox 839 2007 1008 2044; x_wconf 74' lang='lat' dir='ltr'>Consilia</span> <span class='ocrx_word' id='word_1_206' title='bbox 1044 2006 1207 2043; x_wconf 60' lang='lat' dir='ltr'>Caesaris</span> <span class='ocrx_word' id='word_1_207' title='bbox 1230 2011 1427 2056; x_wconf 83' lang='lat' dir='ltr'>tempesta-</span> 
     </span>
     <span class='ocr_line' id='line_1_31' title="bbox 231 2060 864 2110; baseline 0.003 -14"><span class='ocrx_word' id='word_1_208' title='bbox 231 2060 330 2097; x_wconf 78' lang='lat' dir='ltr'>tibus</span> <span class='ocrx_word' id='word_1_209' title='bbox 349 2061 545 2110; x_wconf 83' lang='lat' dir='ltr'>impedita.</span> <span class='ocrx_word' id='word_1_210' title='bbox 599 2060 781 2098; x_wconf 77' lang='lat' dir='ltr'>Hiberna</span> <span class='ocrx_word' id='word_1_211' title='bbox 801 2063 864 2098; x_wconf 78' lang='lat'>29.</span> 
     </span>
    </p>
   </div>
   <div class='ocr_carea' id='block_1_10' title="bbox 235 2156 1432 2531">
    <p class='ocr_par' dir='ltr' id='par_1_10' title="bbox 235 2156 1432 2531">
     <span class='ocr_line' id='line_1_32' title="bbox 238 2156 1430 2208; baseline -0.001 -12"><span class='ocrx_word' id='word_1_212' title='bbox 238 2158 367 2205; x_wconf 80' lang='lat' dir='ltr'>QUUM</span> <span class='ocrx_word' id='word_1_213' title='bbox 394 2159 432 2196; x_wconf 87' lang='lat' dir='ltr'>in</span> <span class='ocrx_word' id='word_1_214' title='bbox 463 2159 616 2198; x_wconf 83' lang='lat' dir='ltr'>Italiam</span> <span class='ocrx_word' id='word_1_215' title='bbox 647 2160 954 2208; x_wconf 81' lang='lat' dir='ltr'>proficisceretur</span> <span class='ocrx_word' id='word_1_216' title='bbox 975 2158 1113 2205; x_wconf 72' lang='lat' dir='ltr'>Caesar,</span> <span class='ocrx_word' id='word_1_217' title='bbox 1139 2157 1317 2196; x_wconf 83' lang='lat' dir='ltr'>Servium</span> <span class='ocrx_word' id='word_1_218' title='bbox 1339 2156 1430 2195; x_wconf 84' lang='lat' dir='ltr'>Gal-</span> 
     </span>
     <span class='ocr_line' id='line_1_33' title="bbox 235 2212 1430 2263; baseline -0.001 -14"><span class='ocrx_word' id='word_1_219' title='bbox 235 2214 322 2250; x_wconf 87' lang='lat' dir='ltr'>bam</span> <span class='ocrx_word' id='word_1_220' title='bbox 340 2226 428 2250; x_wconf 85' lang='lat' dir='ltr'>cum</span> <span class='ocrx_word' id='word_1_221' title='bbox 447 2213 598 2262; x_wconf 82' lang='lat' dir='ltr'>legione</span> <span class='ocrx_word' id='word_1_222' title='bbox 611 2215 836 2251; x_wconf 77' lang='lat' dir='ltr'>duodecima</span> <span class='ocrx_word' id='word_1_223' title='bbox 852 2220 889 2250; x_wconf 83' lang='lat' dir='ltr'>et</span> <span class='ocrx_word' id='word_1_224' title='bbox 910 2219 1018 2263; x_wconf 89' lang='lat' dir='ltr'>parte</span> <span class='ocrx_word' id='word_1_225' title='bbox 1037 2215 1232 2262; x_wconf 70' lang='lat' dir='ltr'>equitatus</span> <span class='ocrx_word' id='word_1_226' title='bbox 1260 2213 1300 2248; x_wconf 85' lang='lat' dir='ltr'>in</span> <span class='ocrx_word' id='word_1_227' title='bbox 1321 2212 1430 2249; x_wconf 85' lang='lat' dir='ltr'>Nan-</span> 
     </span>
     <span class='ocr_line' id='line_1_34' title="bbox 237 2266 1431 2316; baseline 0 -14"><span class='ocrx_word' id='word_1_228' title='bbox 237 2272 376 2311; x_wconf 84' lang='lat' dir='ltr'>tuates,</span> <span class='ocrx_word' id='word_1_229' title='bbox 412 2267 622 2315; x_wconf 79' lang='lat' dir='ltr'>Veragros,</span> <span class='ocrx_word' id='word_1_230' title='bbox 663 2268 913 2315; x_wconf 69' lang='lat' dir='ltr'>Sedunosque</span> <span class='ocrx_word' id='word_1_231' title='bbox 951 2267 1066 2312; x_wconf 83' lang='lat' dir='ltr'>misit,</span> <span class='ocrx_word' id='word_1_232' title='bbox 1099 2267 1164 2316; x_wconf 92' lang='lat' dir='ltr'>qui</span> <span class='ocrx_word' id='word_1_233' title='bbox 1204 2268 1251 2304; x_wconf 86' lang='lat' dir='ltr'>ab</span> <span class='ocrx_word' id='word_1_234' title='bbox 1289 2266 1431 2303; x_wconf 83' lang='lat' dir='ltr'>finibus</span> 
     </span>
     <span class='ocr_line' id='line_1_35' title="bbox 241 2319 1431 2369; baseline -0.002 -13"><span class='ocrx_word' id='word_1_235' title='bbox 241 2319 496 2369; x_wconf 87' lang='lat' dir='ltr'>Allobrogum</span> <span class='ocrx_word' id='word_1_236' title='bbox 523 2327 560 2357; x_wconf 83' lang='lat' dir='ltr'>et</span> <span class='ocrx_word' id='word_1_237' title='bbox 585 2321 669 2357; x_wconf 80' lang='lat' dir='ltr'>lacu</span> <span class='ocrx_word' id='word_1_238' title='bbox 697 2321 896 2358; x_wconf 84' lang='lat' dir='ltr'>Lemanno</span> <span class='ocrx_word' id='word_1_239' title='bbox 916 2329 953 2358; x_wconf 90' lang='lat' dir='ltr'>et</span> <span class='ocrx_word' id='word_1_240' title='bbox 983 2321 1143 2358; x_wconf 82' lang='lat' dir='ltr'>flumine</span> <span class='ocrx_word' id='word_1_241' title='bbox 1176 2320 1364 2356; x_wconf 83' lang='lat' dir='ltr'>Rhodano</span> <span class='ocrx_word' id='word_1_242' title='bbox 1383 2319 1431 2355; x_wconf 87' lang='lat' dir='ltr'>ad</span> 
     </span>
     <span class='ocr_line' id='line_1_36' title="bbox 241 2372 1431 2423; baseline -0.004 -11"><span class='ocrx_word' id='word_1_243' title='bbox 241 2387 408 2412; x_wconf 86' lang='lat' dir='ltr'>summas</span> <span class='ocrx_word' id='word_1_244' title='bbox 445 2374 563 2422; x_wconf 81' lang='lat' dir='ltr'>Alpes</span> <span class='ocrx_word' id='word_1_245' title='bbox 593 2375 800 2423; x_wconf 83' lang='lat' dir='ltr'>pertinent.</span> <span class='ocrx_word' id='word_1_246' title='bbox 861 2375 987 2413; x_wconf 84' lang='lat' dir='ltr'>Causa</span> <span class='ocrx_word' id='word_1_247' title='bbox 1017 2375 1196 2411; x_wconf 82' lang='lat' dir='ltr'>mittendi</span> <span class='ocrx_word' id='word_1_248' title='bbox 1223 2373 1308 2418; x_wconf 86' lang='lat' dir='ltr'>fuit,</span> <span class='ocrx_word' id='word_1_249' title='bbox 1329 2372 1431 2419; x_wconf 87' lang='lat' dir='ltr'>quod</span> 
     </span>
     <span class='ocr_line' id='line_1_37' title="bbox 240 2427 1432 2477; baseline -0.003 -13"><span class='ocrx_word' id='word_1_250' title='bbox 240 2429 316 2466; x_wconf 87' lang='lat' dir='ltr'>iter</span> <span class='ocrx_word' id='word_1_251' title='bbox 335 2441 403 2477; x_wconf 90' lang='lat' dir='ltr'>per</span> <span class='ocrx_word' id='word_1_252' title='bbox 426 2428 556 2477; x_wconf 80' lang='lat' dir='ltr'>Alpes,</span> <span class='ocrx_word' id='word_1_253' title='bbox 574 2441 649 2476; x_wconf 87' lang='lat' dir='ltr'>quo</span> <span class='ocrx_word' id='word_1_254' title='bbox 662 2441 802 2477; x_wconf 83' lang='lat' dir='ltr'>magno</span> <span class='ocrx_word' id='word_1_255' title='bbox 813 2441 897 2465; x_wconf 83' lang='lat' dir='ltr'>cum</span> <span class='ocrx_word' id='word_1_256' title='bbox 921 2428 1091 2477; x_wconf 84' lang='lat' dir='ltr'>periculo</span> <span class='ocrx_word' id='word_1_257' title='bbox 1105 2427 1329 2476; x_wconf 82' lang='lat' dir='ltr'>magnisque</span> <span class='ocrx_word' id='word_1_258' title='bbox 1344 2437 1432 2462; x_wconf 86' lang='lat' dir='ltr'>cum</span> 
     </span>
     <span class='ocr_line' id='line_1_38' title="bbox 241 2478 1431 2531; baseline -0.004 -12"><span class='ocrx_word' id='word_1_259' title='bbox 241 2483 420 2531; x_wconf 65' lang='lat' dir='ltr'>portoriis</span> <span class='ocrx_word' id='word_1_260' title='bbox 453 2489 681 2520; x_wconf 64' lang='lat' dir='ltr'>luerentores</span> <span class='ocrx_word' id='word_1_261' title='bbox 716 2484 770 2519; x_wconf 76' lang='lat' dir='ltr'>ire</span> <span class='ocrx_word' id='word_1_262' title='bbox 805 2488 1043 2526; x_wconf 67' lang='lat' dir='ltr'>consuerant,</span> <span class='ocrx_word' id='word_1_263' title='bbox 1066 2480 1237 2529; x_wconf 67' lang='lat' dir='ltr'>patefieri</span> <span class='ocrx_word' id='word_1_264' title='bbox 1269 2478 1431 2516; x_wconf 82' lang='lat' dir='ltr'>volebat.</span> 
     </span>
    </p>
   </div>
  </div>
 </body>
</html>
