1496 2671
238 154 281 205 a*
598 148 893 189 AemcoLAE
922 148 1067 189 v1TA.

234 260 477 299 abundantiae
496 258 616 305 duxit,
634 260 690 297 uti
709 259 857 308 longea
871 258 1031 303 luxuria,
1053 258 1108 295 ita
1126 256 1236 295 famae
1255 258 1426 308 propior.

238 315 337 352 Tum
357 314 498 351 electus
512 326 533 350 a
550 313 674 350 Galba
693 313 741 350 ad
760 313 861 349 dona
875 312 1097 362 templorum
1111 311 1428 360 recognoscenda,

236 367 527 416 diligentissima
556 366 828 415 conquisitione
855 366 957 411 fecit,
986 377 1035 402 ne
1062 364 1169 414 cujus
1189 364 1343 415 alterius
1371 378 1429 403 sa-

237 421 431 469 crilegium
453 420 676 470 respublica,
698 432 807 468 quam
829 418 1005 464 Neronis,
1020 418 1205 458 sensisset.

294 474 388 511 VII.
421 474 591 522 Sequens
619 486 741 511 annus
759 473 867 522 gravi
898 471 1055 509 vulnere
1071 472 1238 509 animum
1259 472 1433 510 domum—

236 541 308 577 que
327 528 407 577 ejus
427 528 575 565 adflixit
592 541 600 564 :
631 540 716 564 nam
748 526 874 563 classis
895 525 1130 571 Othoniana,
1149 525 1307 564 licenter
1321 537 1431 575 vaga,

236 583 327 619 dum
348 581 563 620 Intemelios
586 580 767 632 (Liguriae
786 592 872 629 pars
899 578 972 630 est)
994 579 1181 617 hostiliter
1206 579 1420 630 populatur,

236 640 395 673 matrem
424 635 607 683 Agricolae
637 635 676 670 in
696 633 848 683 praediis
877 633 952 669 suis
971 632 1185 671 interfecit:
1215 632 1435 682 praediaque

236 690 327 739 ipsa,
348 695 386 727 et
407 701 581 738 magnam
597 687 816 737 patrimonii
836 692 994 735 partem,
1016 685 1185 735 diripuit,
1206 697 1290 735 quae
1319 698 1431 724 causa

237 743 350 780 caedis
387 743 524 780 fuerat.
584 741 707 789 Igitur
741 741 789 777 ad
822 739 1019 778 sollemnia
1054 739 1207 789 pietatis
1243 739 1434 789 profectus

237 796 427 846 Agricola,
458 795 594 832 nuntio
622 794 785 832 affectati
815 807 836 831 a
855 793 1090 843 Vespasiano
1117 792 1427 842 imperiildepre—

236 852 385 895 hensus,
407 862 452 887 ac
471 849 599 886 statim
618 848 657 884 in
674 852 799 896 partes
818 853 1074 896 transgressus
1094 850 1164 885 est.
1197 845 1314 884 Initia
1327 847 1435 896 prin-

236 905 394 953 cipatus,
416 916 459 940 ac
488 908 629 940 statum
659 902 762 938 urbis
793 900 993 938 Mucianus
1021 900 1191 949 regebat,
1225 900 1434 938 admodum

231 960 374 1005 juvene
390 956 668 1000 Domitianosst
683 968 728 992 ex
737 959 895 1004 paterna
910 954 1063 992 fortuna
1076 958 1226 992 tantum
1238 953 1429 993 licentiam

238 1016 455 1060 usurpante.
515 1010 550 1046 Is
570 1009 722 1046 missum
743 1009 791 1045 ad
810 1009 978 1046 delectus
998 1008 1167 1057 agendos
1196 1007 1431 1057 Agricolam,

236 1066 460 1113 integreque
480 1076 522 1100 ac
542 1068 694 1100 strenue
714 1068 918 1108 versatum,
941 1061 1125 1099 vicesimae
1145 1061 1298 1110 legioni,
1319 1061 1431 1100 tarde

237 1119 285 1156 ad
315 1122 592 1155 sacramentum
621 1121 872 1164 transgressae‚
914 1115 1132 1165 praeposuit,
1162 1115 1229 1152 ubi
1258 1115 1431 1153 decessor

237 1173 414 1210 seditiose
434 1173 546 1219 agere
566 1171 792 1207 narrabatur
813 1183 821 1207 :
853 1170 991 1219 quippe
1009 1168 1145 1218 legatis
1160 1181 1309 1218 quoque
1336 1181 1428 1206 con-

237 1227 422 1263 sularibus
441 1224 557 1261 nimia
585 1237 627 1261 ae
645 1224 888 1261 formidolosa-
908 1228 1000 1260 erat.
1056 1222 1139 1260 Nec
1167 1222 1315 1271 legatus
1332 1235 1429 1272 prae-

237 1281 357 1319 torius
377 1280 424 1316 ad
454 1277 705 1316 cohibendum
734 1281 881 1327 potens,
902 1277 1085 1313 incertum
1108 1287 1176 1313 suo
1196 1288 1244 1312 an
1265 1275 1429 1314 militum

237 1334 416 1383 ingenio:
447 1332 502 1370 ita
529 1343 718 1369 successor
748 1330 857 1367 simul
879 1335 916 1367 et
935 1329 1037 1367 ultor
1057 1329 1210 1374 electus,
1240 1329 1429 1368 rarissima

237 1386 495 1425 moderatione
513 1385 647 1422 maluit
666 1384 785 1421 videri
798 1383 985 1420 invenisse
1002 1383 1134 1429 bonos,
1151 1394 1262 1431 quam
1282 1382 1425 1423 fecisse.

288 1439 399 1477 VIII.
431 1439 600 1476 Praeerat
615 1443 706 1476 tunc
729 1437 940 1474 Britanniae
962 1436 1118 1474 Vettius
1147 1436 1328 1482 Bolanus,
1348 1437 1429 1488 pla—

238 1495 357 1532 cidius
392 1506 502 1542 quam
532 1492 648 1529 feroci
676 1491 869 1540 provincia
897 1490 1056 1540 dignum
1085 1495 1170 1528 est:
1200 1492 1428 1540 temperavit

236 1548 415 1597 Agricola
454 1546 528 1582 vim
562 1558 679 1589 suam,
714 1545 961 1594 ardoremque
998 1543 1240 1593 compescuit,
1275 1543 1324 1582 ne
1359 1544 1419 1582 in—

237 1606 445 1644 eresceret;
478 1600 620 1649 peritus
649 1599 814 1647 obsequi,
854 1597 1096 1646 eruditusque
1125 1597 1233 1635 utilia
1260 1598 1427 1637 honestis

237 1658 402 1693 miscere.
462 1653 574 1690 Brevi
594 1652 732 1689 deinde
763 1651 961 1689 Britannia
981 1651 1214 1689 consularem
1245 1651 1424 1690 Petilium

238 1710 423 1747 Cerialem
451 1706 606 1756 accepit.
664 1705 895 1743 Habuerunt
922 1705 1081 1743 virtutes
1110 1705 1272 1754 spatium
1300 1718 1425 1743 exem-

235 1764 399 1813 plorum.
428 1761 502 1799 Sed
524 1760 643 1809 primo
661 1759 816 1796 Cerialis
831 1759 943 1796 modo
960 1759 1107 1796 labores
1126 1763 1165 1797 ct
1194 1758 1422 1806 discrimina,

234 1829 323 1856 mox
344 1823 383 1854 et
401 1815 559 1864 gloriam
579 1813 879 1851 communicabat
899 1826 908 1857 ;
939 1824 1037 1861 saepe
1055 1812 1154 1861 parti
1173 1813 1358 1850 exercitus
1385 1813 1426 1851 in

237 1871 547 1920 experimentum,
583 1867 785 1914 aliquando
823 1866 1026 1916 majoribus
1053 1865 1169 1916 copiis
1206 1877 1254 1902 ex
1283 1871 1421 1905 eventu

238 1923 430 1974 praefecit:
461 1935 532 1958 nec
559 1919 739 1969 Agricola
766 1933 930 1969 unquam
949 1919 987 1957 in
1017 1931 1122 1957 suam
1148 1918 1282 1956 famam
1311 1921 1428 1969 gestis

237 1977 462 2020 exsultavit3
493 1975 542 2012 ad
560 1980 750 2013 auctorem
778 1980 817 2011 et
837 1974 969 2011 ducem
985 1978 1029 2010 ut
1047 1972 1217 2010 minister
1234 1972 1425 2011 fortunam

237 2031 424 2069 referebat
440 2044 447 2067 :
467 2030 522 2068 ita
539 2029 679 2066 virtute
698 2028 737 2064 in
755 2026 1009 2077 obsequendo,
1025 2026 1252 2065 verecundia
1269 2027 1308 2064 in
1327 2039 1424 2077 prae-

238 2084 414 2129 dicando,
436 2089 544 2120 extra
562 2082 754 2127 invidiam,
777 2094 847 2118 nec
867 2085 974 2118 extra
993 2079 1144 2127 gloriam
1165 2085 1257 2118 crat.

292 2138 362 2176 lx.
392 2138 664 2174 Revertentem
692 2136 740 2172 ab
758 2134 948 2183 legatione
974 2132 1135 2181 legionis
1154 2133 1264 2171 divus
1280 2133 1424 2184 Vespa«

238 2192 364 2230 sianus
400 2191 499 2228 inter
535 2189 712 2239 patricios
758 2188 926 2231 adscivit,
962 2199 1004 2224 ae
1049 2186 1187 2224 deinde
1222 2187 1424 2237 provinciae

238 2244 458 2295 Aquitaniae
471 2242 687 2292 praeposuit,
710 2241 915 2291 splendidae
932 2241 972 2278 in
986 2240 1116 2289 primis
1128 2240 1338 2290 dignitatis,
1358 2241 1424 2278 ad-

237 2298 514 2336 ministratione
533 2309 575 2333 ae
593 2308 659 2344 spe
676 2295 904 2340 consulatus,
927 2294 987 2332 cui
1002 2294 1222 2332 destinarat.
1254 2294 1426 2332 Credunt

237 2352 407 2404 plerique
441 2349 667 2387 militaribus
705 2349 868 2397 ingeniis
911 2347 1158 2386 subtilitatem
1188 2348 1310 2394 deese,
1339 2348 1427 2396 quia

237 2405 435 2448 castrensis
458 2402 673 2454 jurisdictio
701 2415 831 2441 secura
850 2408 889 2441 et
908 2401 1087 2447 obtusior,
1108 2414 1152 2441 ac
1179 2402 1287 2452 plura
1311 2413 1428 2441 manu
