1496 2671
151 197 200 233 36
487 194 758 233 CORNELII
786 195 1030 235 NEPOTIS

149 301 376 348 exercitum,
397 308 555 351 propter
574 308 794 349 praetorum
814 304 1112 352 imprudentiam
1125 304 1338 342 inscitiam-

148 369 225 404 que
255 356 357 400 belli,
392 357 621 404 periturum.
677 357 763 394 Lex
796 363 879 394 erat
913 357 1058 394 Thebis
1089 370 1188 406 quae
1215 365 1338 396 morte

148 409 370 453 mulctabat,
393 409 425 446 si
455 410 540 458 quis
565 410 769 459 imperium
796 411 942 448 diutius
969 412 1202 459 retinuisset,
1223 425 1338 460 quam

148 462 235 511 lege
271 463 520 512 praefinitum
553 464 664 501 foret.
723 464 836 502 Hanc
883 464 1171 514 Epaminondas
1218 479 1338 515 quum

150 517 386 565 reipublicae
406 518 689 555 conservandae
708 521 825 555 causa
850 518 965 555 latam
994 518 1155 560 videret,
1177 520 1225 556 ad
1252 532 1340 568 per-

150 569 291 607 niciem
324 571 494 609 civitatis
527 570 702 609 conferre
730 572 865 617 noluit,
886 578 925 609 et
952 578 1117 620 quatuor
1144 574 1340 611 mensibus

150 624 309 671 diutius,
331 635 445 673 quam
464 626 629 674 populus
641 624 822 673 jusserat,
843 626 964 675 gessit
982 626 1199 675 imperium.

249 763 349 803 CAP.
379 766 499 804 VIII.
555 766 847 817 Epaminondae
867 767 1043 804 accusati
1061 766 1242 816 defensio.

205 839 434 885 POSTQUAM
466 842 622 879 domum
651 842 816 880 reditum
853 848 922 886 est,
953 842 1122 891 collegae
1154 842 1238 891 ejus
1268 843 1343 881 hoc

150 894 312 932 crimine
346 896 639 932 accusabantur.
697 894 848 941 Quibus
875 896 940 933 ille
970 896 1159 945 permisit,
1190 909 1343 933 omnem

151 953 195 985 ut
214 959 367 985 causam
386 948 428 985 in
447 961 487 987 se
505 949 771 994 transferrent,
793 951 938 998 suaque
957 947 1073 999 opera
1091 949 1236 987 factum
1254 962 1344 988 con-

150 1002 365 1047 tenderent,
405 1008 449 1039 ut
483 1002 562 1051 legi
598 1015 675 1040 non
715 1003 930 1040 obedirent.
987 1001 1075 1049 Qua
1119 1002 1342 1041 defensione

150 1055 229 1092 illis
257 1056 427 1104 periculo
455 1056 638 1102 liberatis,
659 1069 774 1094 nemo
804 1055 1111 1105 Epaminondam
1138 1069 1344 1106 responsu-

151 1122 239 1146 rum
257 1111 426 1158 putabat,
449 1111 563 1159 quod,
583 1110 677 1159 quid
702 1111 859 1155 diceret,
878 1123 956 1149 non
975 1111 1146 1149 haberet.
1202 1110 1261 1148 At
1277 1110 1344 1148 ille

151 1163 192 1200 in
223 1162 419 1211 judicium
456 1164 592 1208 venit3
639 1164 737 1200 nihil
764 1177 898 1201 eorum
933 1165 1102 1214 negavit,
1141 1176 1239 1213 quae
1275 1164 1343 1202 ad-

152 1217 315 1254 versarii
334 1217 487 1254 crimini
507 1218 660 1262 dabant,
687 1218 903 1267 omniaque,
921 1230 1020 1267 quae
1038 1217 1207 1266 collegae
1234 1217 1344 1255 dixe-

150 1276 250 1316 rant,
281 1270 477 1309 confessus
505 1278 594 1316 est3
627 1283 752 1320 neque
782 1272 988 1316 recusavit,
1016 1271 1220 1321 quominus
1246 1271 1344 1320 legis

151 1336 315 1372 poenam
333 1325 492 1370 subiret,
513 1325 580 1362 sed
599 1337 718 1361 unum
737 1326 785 1362 ab
803 1325 852 1362 iis
872 1325 1020 1373 petivit,
1046 1330 1089 1362 ut
1107 1325 1148 1361 in
1173 1324 1346 1373 periculo

151 1389 220 1414 suo
252 1378 566 1415 conscriberent:
608 1377 909 1427 Epaminondas
939 1391 964 1414 a
1006 1377 1198 1415 Thebanis
1226 1383 1346 1414 morte

150 1430 354 1468 mulctatus
372 1437 435 1477 est,
456 1432 561 1481 quod
583 1444 644 1468 eos
671 1431 795 1480 coeyit
824 1431 935 1483 apud
964 1430 1135 1468 Leuctra
1163 1443 1347 1482 superare

151 1483 486 1530 Lacedaemonios,
507 1497 611 1534 quos,
633 1491 723 1522 ante
740 1498 778 1522 se
795 1484 1076 1535 imperatorem,
1096 1498 1207 1523 nemo
1219 1485 1343 1522 Boeo-

151 1538 292 1575 tiorum
304 1538 518 1585 aususfuz't
527 1539 724 1588 adspicere
735 1540 774 1575 in
791 1541 873 1576 acie
884 1555 898 1582 ;
917 1539 1095 1588 quodque
1108 1551 1186 1576 uno
1198 1538 1346 1589 proelio

151 1604 229 1628 non
246 1592 367 1629 solum
392 1590 539 1629 Thebas
557 1593 606 1629 ab
634 1592 796 1629 interitu
823 1593 996 1637 retraxit,
1025 1593 1094 1630 sed
1118 1594 1230 1629 etiam
1256 1592 1342 1629 uni-

151 1658 302 1682 versam
331 1645 536 1683 Graeciam
561 1647 602 1683 in
631 1646 839 1683 libertatem
871 1646 1110 1690 vindicavic;
1140 1657 1257 1695 eoque
1285 1658 1347 1683 res

150 1705 400 1750 utrorumque
411 1700 600 1750 perduoeit
609 1706 654 1737 ut
673 1699 851 1737 Thebani
869 1699 1053 1748 Spartam
1065 1705 1345 1749 oppuynarent‚

152 1752 453 1790 Lacedaemonii
469 1755 563 1791 satis
581 1753 764 1791 haberent
787 1756 822 1790 si
847 1753 948 1790 salvi
974 1765 1050 1790 esse
1071 1759 1253 1803 possenc;
1280 1765 1346 1789 ne-

151 1819 226 1856 que
246 1808 363 1856 prius
394 1806 535 1844 bellare
566 1808 716 1852 destitit,
748 1818 878 1856 quam,
909 1805 1091 1844 Messenii
1128 1803 1344 1851 constituta,

153 1860 282 1897 urbem
301 1872 430 1897 eorum
457 1860 650 1898 obsidione
677 1861 823 1898 clausit.
882 1861 990 1898 Haec
1021 1873 1141 1909 quum
1170 1860 1346 1905 dixisset,

152 1914 254 1951 risus
273 1915 445 1951 omnium
464 1927 552 1952 cum
570 1915 766 1953 hilaritate
793 1921 945 1952 coortus
967 1920 1025 1952 est
1045 1929 1056 1958 3
1084 1926 1208 1963 neque
1240 1913 1346 1962 quis-

152 1980 268 2015 quam
282 1967 408 2016 judex
436 1981 551 2006 ausus
580 1974 638 2006 est
657 1969 704 2005 de
734 1981 779 2006 eo
797 1968 899 2005 ferre
931 1967 1170 2017 suffragium.
1229 1966 1291 2004 Sic
1323 1979 1346 2004 a

146 2019 297 2069 judicio
312 2022 450 2070 capitis
468 2023 638 2060 maxima
657 2022 832 2059 discessit
849 2022 990 2071 gloria.

155 2160 254 2199 CAP.
285 2161 361 2198 IX.
419 2161 487 2198 Ad
504 2162 746 2198 fllantineam
765 2161 1066 2212 Epaminondae
1084 2161 1220 2198 invicti
1233 2173 1348 2198 mors.

209 2237 292 2274 HIC
325 2243 498 2275 extremo
527 2244 699 2287 tempore
726 2238 936 2286 imperator
963 2238 1064 2287 apud
1095 2237 1346 2280 Mantineam,

154 2304 273 2339 quum
292 2291 373 2328 acie
392 2290 582 2329 instructa
602 2291 782 2329 audacius
810 2292 971 2329 instaret
1000 2291 1186 2336 hostibus,
1217 2290 1347 2339 cogni-

154 2352 219 2381 tus
238 2357 260 2382 a
280 2343 603 2391 Lacedaemoniis,
625 2346 728 2393 quod
757 2346 797 2381 in
827 2345 911 2392 ejus
942 2345 1055 2382 unius
1083 2344 1253 2394 pernicie
1281 2356 1348 2391 pa-

154 2398 252 2435 triae
272 2399 384 2436 sitam
404 2400 591 2447 putabant
610 2400 784 2442 salutem,
807 2399 979 2436 universi
1013 2399 1053 2435 in
1079 2410 1198 2435 unum
1225 2397 1347 2445 impe-

155 2458 238 2489 tum
258 2451 431 2490 fecerunt
453 2467 463 2497 3
484 2465 610 2502 neque
630 2453 738 2502 prius
758 2453 1036 2497 abscesserunt,
1067 2464 1181 2502 quam
1209 2447 1349 2500 magna
