1496 2671
162 212 209 248 38
501 209 769 248 CORNELII
798 211 1042 251 NEPOTIs

507 371 652 408 XXII.
685 373 1004 412 HAMILCAR.

161 458 260 496 CAP.
301 460 335 494 l.
392 457 601 495 Ilamz'lcar
644 459 844 500 fortunam
892 459 1267 509 Cartlzayiraiensiutvz
1307 464 1348 498 in

576 512 709 549 melius
733 515 929 551 convertit.

214 588 452 634 HAiuncAR,
503 589 735 626 Hannibalis
773 590 886 634 filius,
926 591 1153 640 cognomine
1190 591 1345 637 Barca&

159 641 503 691 Carthaginiensis,
534 643 657 690 primo
689 643 839 681 Punico
871 644 982 689 bello,
1015 646 1081 682 sed
1110 647 1347 695 temporibus

157 697 354 740 extremis,
375 697 577 733 admodum
607 696 915 734 adolescentulus
941 698 980 734 in
1013 697 1147 737 Sicilia
1172 713 1348 748 praeesse

156 750 283 798 coepit
301 751 503 787 exercitui.
562 748 693 796 Quum
720 758 810 788 ante
833 750 916 799 ejus
944 753 1164 798 adventum,
1185 760 1225 790 et
1249 755 1347 791 mari

156 809 194 841 et
223 806 327 841 terra
359 804 458 841 male
486 817 547 841 res
575 811 802 852 gererentur
830 805 1226 854 Carthaginiensium3
1251 808 1348 857 ipse,

155 858 223 894 ubi
256 857 378 903 affuit,
400 871 597 906 nunquam
618 858 719 895 hosti
740 859 865 903 cessit,
886 872 1010 907 neque
1038 859 1164 898 locum
1183 862 1347 898 nocendi

155 911 271 955 dedit,
293 923 481 960 saepeque
502 924 522 948 e
541 911 745 956 contrario,
773 913 971 949 occasione
1003 913 1103 959 data,
1137 914 1344 960 lacessivit,

155 977 381 1014 semperque
413 965 588 1012 superior
618 965 805 1002 discessit.
864 964 950 1011 Quo
976 966 1088 1012 facto,
1109 980 1229 1016 quum
1247 981 1346 1017 pene

154 1018 282 1056 omnia
294 1019 334 1055 in
354 1016 487 1056 Sicilia
502 1019 623 1055 Poeni
639 1019 867 1064 amisissent,
883 1019 949 1056 ille
964 1020 1131 1067 Erycem
1146 1021 1200 1059 sic
1213 1021 1346 1059 defen-

153 1072 221 1118 dit,
243 1078 288 1109 ut
307 1073 450 1109 bellum
471 1085 514 1109 eo
533 1072 615 1109 loco
634 1079 786 1121 gestum
811 1086 885 1110 non
915 1074 1123 1112 videretur.
1180 1075 1344 1112 Interim

155 1126 507 1175 Carthaginienses,
529 1126 659 1171 classe,
676 1128 779 1175 apud
798 1126 943 1164 insulas
961 1128 1145 1177 Aegates,
1162 1141 1184 1166 a-
1205 1128 1345 1167 Catulo

152 1179 313 1217 Lutatio
340 1180 496 1228 consule
525 1180 786 1217 Romanorum
810 1182 990 1230 superati,
1013 1188 1232 1220 statuerunt
1252 1183 1343 1220 belli

152 1235 268 1270 finem
287 1233 425 1279 facere,
447 1246 607 1281 eamque
626 1247 708 1271 rem
727 1234 887 1271 arbitrio
907 1235 1165 1283 permiserunt
1190 1236 1342 1273 Hamil-

152 1288 263 1324 caris.
321 1287 404 1330 Ille,
437 1288 508 1325 etsi
538 1288 727 1336 flagrabat
760 1288 928 1325 bellandi
960 1290 1183 1338 cupiditate,
1212 1296 1342 1327 tamen

152 1342 238 1389 paci
275 1342 522 1378 serviendum
560 1342 722 1389 putavit,
763 1343 865 1390 quod
903 1343 1076 1390 patriam,
1113 1344 1342 1381 exhaustam

152 1395 380 1443 sumptibus,
410 1395 557 1431 diutius
589 1395 846 1432 calamitatem
878 1396 968 1433 belli
1002 1396 1103 1434 ferre
1128 1409 1205 1433 non
1231 1410 1342 1446 posse

151 1448 417 1497 intelligebat3
445 1449 512 1485 sed
535 1449 600 1493 ita,
623 1455 665 1485 ut
685 1449 814 1486 statim
844 1457 972 1486 mente
1001 1450 1175 1499 agitacet,
1196 1451 1228 1488 si
1247 1464 1341 1499 pau-

151 1502 273 1539 lulum
312 1503 424 1540 modo
462 1515 523 1539 res
569 1509 696 1540 essent
732 1503 910 1548 refectae,
948 1504 1091 1540 bellum
1138 1517 1338 1548 renovare,

151 1556 422 1604 Romanosque
441 1556 558 1592 armis
577 1557 767 1605 persequi,
789 1557 909 1594 donec
931 1564 998 1594 aut
1029 1558 1067 1594 vi
1096 1565 1199 1596 certe
1228 1558 1342 1596 vicis-

152 1617 246 1655 sent,
268 1616 335 1647 aut
355 1610 447 1647 victi
476 1623 612 1647 manus
638 1610 845 1648 dedissent.
903 1611 989 1648 Hoc
1018 1612 1178 1648 consilio
1207 1625 1340 1660 pacem

150 1664 386 1701 conciliavit:
413 1664 453 1700 iu
474 1665 548 1713 qua
569 1667 677 1701 tanta
695 1664 771 1700 fuit
789 1662 943 1707 ferocia,
964 1672 1016 1709 ut,
1036 1677 1156 1713 quum
1178 1664 1340 1703 Catulus

149 1725 319 1766 negaret,
340 1730 378 1754 se
396 1717 534 1754 bellam
554 1719 861 1766 compositurum,
883 1719 958 1754 nisi
975 1717 1038 1754 ille
1056 1731 1141 1755 cum
1161 1719 1252 1764 sais,
1272 1719 1341 1768 qui

149 1771 316 1818 Erycem
348 1777 563 1815 tenuerunt,
598 1772 719 1807 armis
755 1771 907 1817 relictis,
942 1770 1078 1808 Sicilia
1106 1772 1338 1817 decederent,

149 1824 411 1862 succumbente
427 1823 574 1874 patrici,
598 1825 691 1873 ipse,
717 1826 935 1875 periturum
956 1838 994 1862 se
1019 1826 1158 1875 potius,
1180 1826 1337 1872 dixerit,

148 1891 264 1927 quam
301 1892 388 1915 cum
425 1885 531 1915 tanto
555 1878 717 1930 flayz'te'o
750 1879 902 1915 domum
934 1879 1097 1916 rediret.-
1134 1891 1211 1916 non
1238 1881 1338 1917 enim

148 1945 241 1968 snae
261 1945 336 1969 esse
354 1933 517 1977 virtutis,
533 1945 658 1974 arma,
676 1944 700 1968 a
716 1931 852 1982 patrici
871 1939 1029 1982 accepta
1048 1933 1234 1970 adversus
1252 1933 1338 1970 kos-

149 1992 213 2030 ces,
261 1987 497 2022 adversariis
542 1987 706 2023 tradere.
765 1986 894 2034 Hujus
944 1987 1178 2036 pertinaciae
1224 1988 1339 2025 cessit.

150 2039 323 2077 Catulus.

149 2179 248 2218 CAP.
270 2180 327 2217 II.
387 2179 607 2226 Hamilcar,
625 2194 723 2230 pace
735 2179 868 2229 factli,
878 2180 994 2232 ferro
1014 2182 1166 2220 rebelles
1185 2182 1336 2232 afflixit,

467 2240 502 2270 et
519 2235 636 2271 otium
658 2236 817 2285 patriae
842 2237 1016 2274 restituit.

202 2309 267 2346 AT
287 2308 364 2354 ille,
381 2315 424 2345 ut
445 2307 721 2358 Carthaginem
742 2311 859 2356 venit,
876 2311 997 2348 multo
1016 2312 1128 2350 aliter
1147 2325 1191 2349 ac
1206 2325 1334 2361 spera-

146 2364 224 2408 bat,
263 2363 539 2412 rempublicam
577 2376 617 2400 se
654 2364 858 2401 habentem
904 2366 1111 2415 cognovit:
1157 2378 1333 2415 namque,

147 2416 403 2453 diuturnitate
428 2417 580 2454 externi
616 2417 717 2463 mali,
751 2423 899 2455 tantum
934 2420 1080 2457 exarsit
1107 2419 1335 2456 intestinum

146 2470 300 2515 bellum,
323 2476 365 2507 ut
384 2483 578 2520 nunquam
601 2472 682 2521 pari
703 2472 873 2521 periculo
893 2471 1011 2510 fuerit
1031 2472 1237 2522 Carthago,
1258 2473 1333 2511 nisi
