1496 2671
381 126 585 167 LAELIUS
613 127 687 164 DE
715 94 977 165 AMicrriA.
1209 126 1259 163 13

92 233 235 283 justitiae
252 233 317 272 fuit
344 240 467 271 contra
494 240 704 272 accuratam
733 235 930 272 orationem
948 233 1064 272 Phili!
1118 231 1252 271 FANN.

95 287 220 325 Facile
233 287 268 325 id
287 286 430 335 quidem
450 285 526 332 suit,
542 286 716 336 justitiam
732 287 930 336 justissimo
957 288 1033 324 viro
1051 285 1256 324 defendere.

97 340 223 380 SCAEV.
279 339 378 386 Quid
396 340 620 378 amicitiam?
674 339 807 378 Nonne
825 342 930 379 facile
958 342 1002 387 ei,
1032 340 1090 389 qui
1110 340 1156 376 ob
1173 352 1256 377 eam

94 407 238 432 summa
255 393 338 440 fide,
368 393 580 440 constantia,
604 393 808 442 justitiaque
837 402 1026 442 servatam,
1057 394 1258 431 maximam

94 449 239 498 gloriam
258 446 392 496 ceperit
409 448 424 485 ’.ἱ

145 499 252 538 VIII.
281 500 346 538 26.
375 501 480 539 LAEL.
510 500 594 538 Vim
614 500 683 537 hoe
712 499 855 549 quidem
885 508 936 539 est
964 501 1102 538 afferre.
1159 500 1258 546 Quid

89 554 190 591 enim
217 553 331 600 refert,
370 567 440 603 qua
469 566 527 591 me
554 554 731 602 rogatione
760 556 919 603 cogatis?
993 555 1125 604 Cogitis
1153 561 1259 591 certe.

97 607 228 644 Studiis
255 608 353 645 enim
380 620 604 657 generorum,
642 609 835 657 praesertim
872 610 906 644 in
938 620 973 644 re
1000 609 1109 655 bona,
1147 620 1259 657 quum

93 660 234 698 difficile
252 669 318 707 est,
336 668 411 698 tum
433 674 478 698 ne
497 674 636 710 aequum
653 661 809 710 quidem,
829 663 1012 699 obsistere.

149 715 353 764 Saepissime
381 717 481 764 igitur
509 715 595 752 inibi
632 715 677 751 de
706 716 863 752 amicitia
891 716 1070 764 cogitanti,
1100 715 1260 752 maxime

93 767 177 805 illud
197 768 494 806 considerandum
523 769 630 806 videri
660 770 759 815 solet,
789 782 875 806 num
905 776 1046 818 propter
1072 769 1259 806 imbecilli-

93 828 203 858 tatem
224 829 329 870 atque
350 823 506 872 inopiam
526 822 724 859 desiderata
751 823 795 858 sit
813 823 993 860 amicitia:
1024 828 1061 859 ut
1079 823 1113 858 in
1133 821 1259 859 dandis

95 875 377 925 recipiendisque
408 876 552 921 meritis,
579 876 672 925 qnod
701 875 999 925 quisqueminus
1024 888 1088 926 per
1115 888 1154 912 se
1182 877 1257 926 ipse

95 937 226 978 posset,
247 929 278 965 id
295 930 475 979 acciperet
490 930 535 966 ab
554 931 636 975 alio,
654 930 883 978 vicissimque
904 930 1086 967 redderet:
1102 942 1148 966 an
1167 937 1262 967 esset

95 981 166 1019 hoo
194 983 338 1031 quidem
366 984 547 1033 proprium
575 984 754 1021 amicitiae.
810 983 879 1021 Sed
909 985 1084 1033 antiquior
1117 989 1154 1020 et
1180 986 1260 1033 pul-

92 1035 209 1072 clirior
222 1043 258 1073 et
287 1039 397 1085 magis
415 1050 436 1073 a
459 1044 583 1074 natura
603 1038 680 1087 ipsa
701 1036 857 1086 profecta
878 1033 947 1074 alia
966 1051 1089 1076 eausa.
1143 1038 1260 1076 Amor

93 1090 204 1135 enim,
224 1102 273 1127 ex
286 1103 356 1139 qno
374 1093 536 1129 amicitia
556 1092 749 1137 nominata,
767 1092 934 1140 princeps
952 1100 1006 1128 est
1034 1091 1078 1128 ad
1100 1091 1258 1127 benevo-

91 1142 235 1180 lentiam
254 1143 558 1192 oonjungendam.
614 1144 712 1181 Nam
734 1146 899 1181 utilitates
920 1145 1065 1193 quidem
1083 1146 1192 1181 etiam
1210 1146 1256 1180 ab

94 1195 134 1231 iis
151 1198 394 1246 percipiuntur
411 1209 519 1246 saepe,
539 1198 598 1245 qui
617 1198 842 1234 simulatione
861 1199 1029 1236 amicitiae
1049 1200 1212 1235 coluntur
1224 1204 1260 1236 et

95 1250 327 1287 observantur
341 1263 452 1288 causa
472 1252 651 1300 temporis.
712 1250 749 1286 In
770 1252 926 1288 amicitia
947 1260 1067 1289 autem
1085 1252 1170 1288 niliil
1194 1253 1257 1288 tic-

95 1303 182 1349 tum,
198 1303 284 1340 nihil
303 1305 509 1341 simulatum
526 1317 536 1351 3
554 1313 601 1350 et,
621 1303 792 1353 quidquid
811 1305 845 1340 in
865 1317 910 1341 ea
928 1313 993 1349 est,
1006 1305 1042 1342 id
1060 1312 1114 1342 est
1134 1318 1257 1343 verum

93 1364 132 1394 et
145 1358 394 1396 voluntarium.
438 1357 502 1394 27.
518 1358 747 1408 Quapropter
761 1371 779 1394 a
798 1367 922 1395 natura
940 1359 1026 1395 mibi
1042 1359 1180 1395 videtur
1194 1373 1261 1409 po-

91 1412 173 1455 tius,
201 1423 310 1460 quam
339 1412 384 1448 ab
412 1411 618 1459 indigentia,
638 1418 713 1448 orta
748 1412 915 1458 amicitia,
944 1419 980 1449 et
1019 1413 1261 1462 applicatione

94 1466 206 1514 magis
220 1465 329 1501 animi
346 1477 430 1503 cum
448 1464 604 1514 quodam
620 1477 726 1502 sensu
743 1466 887 1502 amandi
908 1478 1017 1514 quam
1033 1467 1260 1514 cogitatione,

94 1525 269 1566 quantum
289 1519 347 1555 illa
378 1531 433 1556 res
467 1519 621 1556 utilitatis
648 1525 719 1556 esst
752 1518 928 1556 habitura.
984 1520 1092 1565 Quod
1117 1520 1262 1568 quidem

94 1573 202 1619 quale
219 1572 274 1619 sit,
289 1572 398 1609 etiam
419 1574 452 1609 in
476 1573 594 1609 bestiis
621 1572 835 1622 quibusdam
857 1573 1091 1610 animadverti
1121 1580 1236 1622 potest
1254 1587 1262 1611 t

96 1638 176 1674 quae
195 1638 244 1663 ex
258 1638 296 1664 se
317 1633 417 1663 natos
444 1627 491 1662 ita
507 1632 631 1663 amant
649 1626 694 1663 ad
713 1626 896 1674 quoddam
917 1636 1070 1676 teinpus,
1090 1633 1126 1663 et
1144 1628 1189 1662 ab
1209 1629 1261 1665 eis

95 1680 142 1715 ita
161 1685 340 1724 amantur,
360 1687 398 1716 ut
426 1679 529 1716 facile
548 1692 672 1716 earum
701 1693 828 1717 sensus
847 1688 1030 1729 appareat.
1088 1680 1198 1725 Quod
1226 1683 1260 1717 in

72 1758 74 1761 -
97 1732 242 1770 homine
271 1733 383 1770 inulto
413 1740 465 1770 est
499 1733 712 1770 evidentius.
772 1734 929 1770 Primum
955 1746 1003 1771 ex
1030 1747 1074 1770 ea
1102 1734 1261 1780 caritate,

97 1799 177 1834 quae
194 1794 247 1824 est
266 1787 355 1823 inter
374 1794 474 1824 natos
491 1794 525 1823 et
545 1793 709 1836 parentes
729 1801 738 1833 3
767 1800 845 1836 quae
864 1787 993 1833 dirimi,
1014 1789 1077 1824 nisi
1107 1787 1259 1825 detesta-

97 1841 154 1876 bili
175 1842 319 1886 scelere,
340 1853 411 1877 non
434 1848 557 1889 potest.
615 1840 767 1880 Deinde.
783 1853 892 1889 quum
911 1842 1033 1878 similis
1052 1854 1177 1878 sensus
1195 1854 1262 1878 ex-

97 1894 179 1930 stitit
197 1895 338 1938 amoris,
358 1895 386 1931 si
405 1895 561 1943 aliquem
590 1895 685 1931 'nacti
706 1907 844 1941 sumus,
860 1908 965 1943 cujus
992 1908 1075 1932 cuni
1105 1895 1262 1932 moribus

97 1954 133 1983 et
149 1953 270 1984 natura
286 1960 536 1996 congruamus,
553 1948 647 1997 quod
663 1950 698 1984 in
719 1961 762 1985 eo
777 1950 875 1996 quasi
893 1954 1012 1986 lumen
1028 1949 1170 1997 aliquod
1183 1962 1264 1998 prc-

100 2000 214 2037 bitatis
231 2008 267 2037 et
285 2002 419 2038 virtutis
438 2003 637 2051 perspicere
654 2002 851 2039 videamur.
907 2005 970 2039 25.
986 2001 1085 2039 Nihil
1098 2009 1154 2039 est
1166 2004 1265 2039 enim

99 2054 287 2091 amabilius
301 2055 446 2092 virtute:
468 2055 672 2104 nilii1,qnod
691 2057 800 2104 magis
812 2057 942 2092 alliciat
961 2056 1005 2092 ad
1025 2056 1263 2104 diligendum:

96 2107 229 2157 quippe
248 2120 373 2156 quum,
402 2117 541 2158 propter
570 2111 733 2146 virtutem
753 2116 788 2146 et
806 2110 1032 2158 probitatem,
1051 2122 1113 2146 eos
1141 2111 1266 2159 etiam,

99 2173 187 2209 quos
216 2174 400 2209 nunquam
422 2163 585 2208 vidimus,
605 2163 761 2212 quodam
785 2163 891 2199 modo
918 2163 1114 2211 diligamus.
1171 2164 1264 2208 Quis

99 2222 165 2261 est,
183 2215 243 2263 qui
273 2215 355 2251 Caii
377 2214 544 2262 Fabricii,
563 2216 680 2253 Manii
702 2216 801 2254 Curii
831 2229 902 2253 non
930 2229 1016 2253 cuin
1036 2218 1181 2254 caritate
1198 2218 1261 2253 ali—

100 2280 171 2316 qua
205 2274 240 2304 et
269 2268 519 2305 benevolentia
538 2270 748 2307 memoriam
780 2277 939 2320 usurpet,
966 2283 1054 2319 quos
1076 2284 1261 2319 nunquam

97 2321 221 2358 viderit
241 2320 252 2353 ἶ
308 2322 403 2366 Quis
420 2328 541 2359 autem
561 2329 625 2369 est,
645 2325 701 2371 qui
719 2323 949 2372 Tarquinium
975 2324 1187 2373 Superbum.
1204 2325 1266 2372 qui

100 2375 269 2425 Spurium
292 2375 470 2422 Cassium,
491 2375 662 2426 Spurium
681 2376 846 2416 Maelium
866 2390 942 2415 non
966 2378 1109 2415 oderit?
1167 2378 1268 2415 Cum

663 2441 692 2479 B
