1496 2671
549 192 596 229 T.
626 191 671 229 P.
703 191 967 231 ATTICUS.
1302 193 1351 228 53

164 300 264 339 CAP.
287 299 404 336 VIII.
463 297 628 342 Atticm,
658 299 778 335 occiso
804 298 978 343 Caesare,
1003 298 1057 336 M.
1079 297 1219 343 Bruto,
1240 299 1353 334 eciam

472 351 617 402 abjecto
636 358 672 388 et
675 352 861 400 fuyz‘enta}
884 354 1040 389 amicus.

219 427 420 465 sacurem
450 432 509 464 est
528 427 635 463 illud.
694 427 833 464 Occiso
855 426 1031 470 Caesare,
1052 440 1171 475 quum
1192 427 1354 475 respub-

162 482 237 518 lica
265 493 382 528 penes
411 480 555 518 Brutos
586 481 783 517 videretur
811 493 893 517 esse
923 487 960 518 et
991 480 1180 524 Cassium,
1202 493 1246 517 ao
1274 487 1355 517 tota

161 535 300 571 civitas
330 547 369 571 se
398 534 446 571 ad
475 547 539 571 eos
567 535 804 571 convertisse
826 534 1047 577 videretur;
1078 535 1130 569 sic
1154 535 1207 570 M.
1229 534 1355 570 Bruto

162 600 254 624 usus
285 595 353 633 est,
388 595 430 624 ut
459 588 565 624 nullo
599 588 664 624 ille
694 588 913 625 adolescens
942 588 1094 635 aequali
1124 587 1354 624 familiarius

160 654 276 690 quam
296 642 368 679 boc
388 653 505 684 sene3
536 654 660 690 neque
689 641 812 678 solum
841 654 930 678 eum
959 640 1172 689 principem
1202 641 1355 678 consilii

161 695 333 735 haberet,
363 696 430 732 sed
458 696 574 732 etiam
603 696 643 731 in
673 695 865 732 convictu.
939 694 1218 742 Excogitatum
1248 701 1305 731 cst
1334 706 1356 730 a

161 749 402 797 quibusdam,
424 755 467 785 ut
496 748 691 797 privatum
719 748 912 785 aerarium
933 748 1110 786 Caesaris
1129 747 1355 784 interfecto·

161 802 270 839 ribus
298 803 346 839 ab
375 803 569 851 equitibus
589 802 775 838 Romanis
804 802 1116 839 constitueretur.
1175 801 1223 838 Id
1242 800 1356 838 facile

161 855 260 892 effici
282 868 392 903 posse
410 856 588 892 arbitrati
610 861 711 898 sunt,
734 856 765 892 si
795 861 833 892 et
861 855 1056 904 principes
1084 855 1188 891 illius
1209 855 1355 891 ordinis

161 910 345 958 pecunias
358 910 621 946 contulissent.
653 909 790 957 Itaque
806 909 1020 956 appellatus
1033 914 1091 946 est
1106 921 1128 945 a
1145 908 1188 946 C.
1206 908 1354 952 Flavio,

163 963 279 999 Bruti
299 962 491 1007 familiari,
510 963 677 1006 Atticus,
693 969 736 999 ut,
755 961 838 1010 ejus
857 962 914 999 rei
935 962 1114 1011 princeps
1129 974 1211 999 esse
1225 961 1355 999 vellet.

163 1017 221 1052 At
239 1016 314 1061 ille,
329 1017 396 1064 qui
417 1017 541 1053 officia
560 1016 692 1053 amicis
712 1016 941 1063 praestanda
961 1016 1043 1052 sine
1063 1016 1231 1052 factione
1251 1016 1355 1052 exis-⁶

162 1069 329 1114 timaret,
360 1082 586 1118 semperque
616 1082 637 1105 a
669 1070 812 1106 talibus
843 1081 883 1106 se
913 1069 1083 1106 consiliis
1113 1069 1355 1112 removisset,

161 1123 372 1170 respondit,
392 1123 426 1158 si
443 1123 540 1171 quid
554 1122 703 1158 Brutus
721 1122 767 1158 de
785 1123 865 1158 suis
877 1121 1132 1167 facultatibus
1145 1124 1202 1159 uti
1217 1121 1355 1158 voluis-

159 1182 225 1220 sel,
255 1188 428 1221 usurum,
458 1181 647 1224 quantam
675 1188 742 1212 eae
767 1181 997 1224 paterentur
1008 1191 1022 1219 ;
1049 1188 1089 1212 se
1119 1188 1240 1225 neque
1268 1188 1356 1212 cam

161 1241 356 1278 quoquam
383 1230 429 1265 de
453 1227 498 1265 εᾶ
518 1242 559 1266 re
578 1228 866 1274 collocuturum,
888 1242 1009 1278 neque
1027 1231 1229 1266 coitur-um.
1291 1228 1356 1267 Sic

161 1283 227 1320 ille
239 1283 501 1320 consensionis
513 1283 650 1330 globus
665 1282 781 1329 hujus
791 1283 905 1319 unius
916 1283 1154 1320 dissensione
1170 1282 1356 1331 disjectus

162 1341 231 1373 est.
289 1336 428 1385 Neque
448 1336 569 1373 multo
588 1341 674 1385 post
692 1336 867 1385 superior
887 1348 969 1373 esse
990 1337 1116 1384 coepit
1137 1337 1354 1379 Antonius;

161 1389 218 1426 ita
245 1395 289 1427 ut
316 1390 464 1427 Brutus
493 1395 532 1427 et
562 1389 729 1435 Cassius,
749 1389 1048 1438 provinciarum,
1071 1402 1169 1438 quae
1188 1389 1238 1426 iis
1258 1390 1356 1426 dicis

162 1441 278 1480 causa
308 1443 418 1480 datae
448 1448 559 1480 erant
588 1456 610 1480 a
639 1443 873 1488 consulibus,
907 1443 1119 1492 desperatis
1151 1444 1282 1488 rebus,
1313 1443 1356 1481 in

163 1497 326 1534 exilium
341 1497 690 1546 proficiscerentur.
746 1497 916 1541 Atticus,
937 1497 1004 1545 qui
1019 1496 1224 1545 pecuniam
1240 1496 1356 1533 simul

163 1562 251 1587 cum
271 1550 408 1588 ceteris
428 1549 602 1587 conferre
620 1550 797 1587 noluerat
815 1550 968 1587 florenti
991 1551 1050 1586 illi
1070 1550 1183 1599 parti,
1204 1549 1355 1598 abjecto

162 1603 288 1641 Bruto
316 1603 508 1652 Italiaque
536 1603 689 1640 cedenti
717 1603 831 1641 LLS.
862 1609 1019 1640 centum
1051 1604 1173 1641 millia
1202 1604 1354 1641 muneri

162 1658 292 1702 misit;
321 1657 446 1695 eidem
481 1657 523 1693 in
560 1656 683 1705 Epiro
720 1658 857 1694 absens
896 1662 1069 1695 trecenta
1099 1656 1219 1705 jussit
1256 1658 1352 1695 dari.

162 1710 303 1760 Neque
331 1723 375 1748 eo
403 1711 526 1759 magis
554 1711 704 1759 potenti
733 1711 910 1748 adulatus
939 1717 1000 1748 est
1020 1711 1207 1757 Antonio,
1230 1723 1356 1759 neque

163 1765 386 1815 desperatos
404 1764 574 1812 reliquit.

166 1937 264 1976 CAP.
285 1937 363 1974 IX.
419 1937 574 1974 Atticus
594 1935 766 1974 Antonio
785 1936 884 1973 hosti
890 1937 1074 1986 judicato
1102 1949 1150 1974 ne
1178 1937 1357 1974 inimicus

449 1991 601 2040 quidem
616 2006 628 2028 :
662 1990 822 2028 Fulviae
840 1990 1065 2041 opitulator.

223 2065 422 2103 SECUTUM
455 2072 512 2103 est
545 2067 688 2103 bellum
721 2073 874 2115 gestum
907 2066 1010 2114 apud
1043 2067 1249 2103 Mutinam.
1307 2066 1357 2103 In

166 2132 243 2168 quo
277 2119 308 2155 si
338 2125 489 2156 tantum
520 2132 608 2157 eum
641 2121 871 2169 prudentem
904 2121 1041 2165 dicam,
1078 2121 1205 2157 minus
1238 2133 1353 2169 quam

167 2174 337 2217 debeam,
356 2173 571 2221 praedicem
589 2188 597 2217 3
620 2187 739 2223 quum
758 2174 823 2211 ille
844 2174 971 2222 potius
992 2174 1148 2210 divinus
1168 2174 1298 2219 fuerit,
1321 2174 1353 2210 si

167 2226 356 2262 divinatio
392 2227 618 2275 appellanda
650 2233 708 2265 est
740 2233 927 2276 perpetua
964 2228 1152 2265 naturalis
1189 2228 1354 2271 bonitas,

166 2292 266 2328 quae
285 2278 402 2315 nullis
430 2280 580 2317 casibus
608 2287 783 2330 augetur,
805 2294 930 2330 neque
957 2281 1160 2319 minuitur.
1219 2280 1356 2317 Hostis

170 2333 367 2369 Antonius
398 2331 596 2380 judicatus
626 2333 742 2371 Italia
777 2341 970 2372 cesserat:
1001 2347 1087 2383 spes
1124 2334 1354 2371 restituendi

168 2386 276 2423 nulla
312 2391 415 2422 erat:
456 2399 532 2423 non
569 2387 691 2424 solum
728 2387 812 2434 ejus
842 2387 1001 2433 inimici,
1033 2388 1101 2436 qui
1131 2395 1215 2424 tum
1245 2394 1355 2423 erant

168 2439 423 2488 potentissimi
445 2446 483 2476 et
503 2439 668 2488 plurimi,
682 2441 746 2478 sed
766 2441 879 2477 etiam
902 2441 1014 2478 amici
1027 2440 1257 2478 adversariis
1271 2439 1354 2488 ejus
