1496 2671
440 163 604 202 LIBER
634 162 905 209 QUARTUS.
1203 161 1252 201 69

95 274 240 320 accedo,
256 273 325 310 hoc
342 272 463 308 minus
481 270 536 316 iis,
557 283 650 319 quae
669 270 758 316 dixi,
779 283 927 319 possum
947 282 1024 307 esse
1043 273 1252 307 contentus.

98 329 169 366 Per
187 339 256 377 ego
274 338 338 363 vos
357 325 444 361 deos
460 324 610 374 patrios,
631 328 896 372 aeternumque
913 323 1048 372 ignem,
1067 323 1130 372 qui
1148 336 1254 373 prae-

95 383 211 419 fertur
229 378 415 424 altaribus,
430 377 686 426 fulgoremque
713 377 798 414 solis
825 377 924 414 intra
949 377 1041 414 fines
1059 379 1166 426 regni
1183 377 1255 413 mei

96 434 256 478 orientis,
275 444 341 481 per
368 431 793 469 aeternam-memoriam
821 430 922 480 Cyri,
951 431 1014 478 qui
1043 431 1256 480 ademptum

96 487 215 525 Medis
233 485 424 535 Lydisque
449 485 641 534 imperium
670 484 809 533 primus
835 482 875 520 in
901 483 1089 521 Persidem
1116 484 1255 529 intulit,

94 540 279 578 vindicate
297 539 344 576 ab
362 538 493 576 ultimo
513 538 694 575 dedecore
721 549 857 574 nomen
884 541 1107 586 gentemque
1128 537 1257 574 Persa-

96 607 190 631 rum.
245 593 303 630 Ite
317 592 452 629 alacres
472 596 510 629 et
529 604 592 641 spe
610 591 721 640 pleni,
739 595 792 636 ut,
806 603 916 639 quam
930 590 1086 638 gloriam
1101 591 1260 640 accepis-

97 648 144 685 tis
163 660 185 684 a
201 646 401 696 majoribus
421 645 562 690 vestris,
582 645 739 694 posteris
757 644 987 693 relinquatis.
1045 644 1090 680 In
1118 645 1260 682 dextris

96 701 225 738 vestris
239 700 318 749 jam
337 700 559 744 libertatem,
580 711 698 748 opem,
716 711 816 747 spem
835 697 950 735 futuri
969 697 1145 747 temporis
1164 697 1261 745 geri-

95 755 154 792 tis.
211 753 355 801 Effugit
373 757 540 797 mortem,
562 751 727 801 quisquis
754 751 1041 800 contempserit3
1071 751 1261 788 timidissi-

95 820 194 844 mum
209 819 390 856 quemque
409 806 657 855 consequitur.
714 805 798 854 Ipse
825 817 901 849 non
924 804 1046 854 patrio
1073 816 1175 841 more
1204 817 1260 841 so-

94 862 182 906 lum,
213 861 278 898 sed
305 859 416 898 etiam
443 864 486 897 ut
514 859 675 908 conspici
701 859 848 908 possim,
878 871 987 895 curru
1015 858 1151 895 vehor:
1193 870 1261 894 nec

98 927 237 960 recuso,
259 927 333 963 quo
350 914 472 950 minus
491 913 686 950 imitemini
705 925 774 958 me,
795 913 871 949 sive
890 912 1120 949 fortitudinis
1139 924 1262 949 exem-

96 968 208 1017 plum,
231 968 306 1005 sive
324 967 495 1016 ignaviae
514 965 642 1003 fuero.’

149 1021 253 1067 LVI.
283 1021 344 1058 15.
375 1020 528 1058 Interim
549 1019 774 1065 Alexander,
795 1025 837 1057 ut
857 1024 894 1056 et
922 1019 1216 1056 demonstratum
1244 1032 1265 1055 a

96 1075 288 1124 transfuga
314 1074 530 1111 insidiarum
567 1073 688 1110 locum
726 1073 948 1118 circumiret,
976 1077 1014 1110 et
1043 1072 1170 1117 Dario,
1202 1073 1265 1121 qui

95 1128 240 1165 laevum
259 1141 374 1165 cornu
393 1127 579 1172 tuebatur,
601 1131 822 1172 occurreret,
844 1138 977 1175 agmen
996 1125 1188 1175 obliquum
1207 1126 1263 1162 in-

96 1181 226 1218 cedere
246 1181 367 1230 jubet.
434 1179 568 1216 Darius
605 1191 751 1228 quoque
778 1180 908 1217 eodem
937 1192 1044 1216 suum
1073 1179 1264 1223 obvertit3

97 1235 212 1272 Besso
231 1234 432 1278 admonito,
454 1239 497 1270 ut
520 1233 749 1281 Massagetas
768 1234 908 1281 equites
926 1233 965 1270 in
984 1233 1130 1270 laevum
1150 1233 1265 1269 Alex—

96 1289 204 1325 andri
217 1301 332 1325 cornu
352 1301 373 1324 a
391 1288 507 1325 latere
524 1286 650 1323 invehi
662 1287 825 1335 juberet.
882 1287 966 1336 Ipse
993 1291 1080 1324 ante
1099 1299 1137 1323 se
1156 1286 1265 1323 falca-

96 1347 153 1380 tos
173 1354 301 1379 currus
319 1342 502 1384 habebat3
524 1353 617 1389 quos
636 1341 743 1389 signo
758 1340 847 1378 dato
863 1341 1052 1377 universos
1067 1340 1106 1376 in
1120 1340 1265 1377 hostem

95 1395 228 1433 effudit
244 1409 252 1433 :
273 1396 433 1432 ruebant
446 1394 579 1432 laxatis
594 1394 746 1431 habenis
761 1394 924 1443 aurigae,
942 1407 1016 1442 quo
1035 1394 1159 1442 plures
1173 1406 1266 1430 non-

98 1449 185 1485 dum
205 1449 294 1487 satis
311 1448 458 1498 proviso
476 1448 619 1496 impetu
632 1448 857 1485 obtererent.
912 1448 1018 1484 Alios
1034 1459 1123 1495 ergo
1137 1448 1266 1484 hastae

99 1503 257 1540 multum
276 1502 374 1540 ultra
393 1507 560 1539 temones
579 1501 792 1546 eminentes,
809 1501 899 1538 alios
913 1502 960 1538 ab
975 1506 1133 1550 utroque
1151 1500 1267 1538 latere

99 1556 270 1593 dimissae
302 1555 412 1593 falces
440 1555 668 1592 laceravere:
699 1567 767 1591 nec
795 1555 928 1591 sensim
957 1555 1180 1591 Macedones
1209 1567 1267 1591 ce-

98 1610 247 1655 debant,
270 1609 334 1646 sed
355 1609 469 1646 effusa
496 1608 585 1657 fuga
612 1609 854 1646 turbaverant
881 1608 1040 1645 ordines.
1094 1608 1267 1645 Mazaeus

99 1675 243 1712 quoque
262 1663 437 1712 perculsis
457 1667 596 1699 metum
614 1662 780 1707 incussit,
801 1661 901 1699 mille
929 1662 1115 1711 equitibus
1143 1662 1190 1698 ad
1210 1662 1266 1698 di-

99 1716 265 1766 ripienda
298 1716 415 1754 hostis
442 1716 707 1765 impedimenta
734 1715 958 1752 circumvehi
989 1715 1130 1764 jussis:
1165 1720 1268 1753 ratus

98 1770 262 1819 captivos
281 1782 438 1819 quoque,
458 1770 521 1818 qui
539 1769 647 1806 simul
666 1769 969 1815 adservabantur,
990 1774 1165 1818 rupturos
1185 1769 1267 1805 vin-

99 1824 191 1869 cula,
206 1835 320 1872 quum
339 1836 424 1860 suos
443 1823 782 1872 adpropinquantes
801 1823 993 1861 vidissent.
1049 1823 1136 1859 Non
1164 1822 1267 1858 fefel—

99 1878 193 1915 lerat
221 1877 515 1922 Parmenionem,
545 1877 607 1924 qui
633 1877 673 1913 in
700 1876 804 1913 laevo
833 1889 949 1913 cornu
978 1880 1081 1913 erat:
1111 1888 1268 1925 propere

100 1931 214 1979 igitur
234 1931 506 1981 Polydamanta
531 1930 647 1968 mittit
675 1930 723 1966 ad
749 1942 886 1978 regem,
908 1930 971 1979 qui
999 1934 1036 1967 et
1064 1929 1268 1978 periculum

101 1984 323 2029 ostenderet,
338 1989 385 2030 et,
402 1985 491 2032 quid
509 1984 588 2020 fieri
600 1983 763 2032 juberet,
780 1983 1000 2021 consuleret.
1058 1982 1125 2019 Ille
1139 1983 1268 2020 audito

104 2037 381 2087 Polydamante,
403 2038 507 2084 ζΑῐοί,
527 2036 688 2082 nuncia,'
707 2037 838 2085 inquit,
856 2036 1122 2081 ‘Parmenioni,
1143 2037 1170 2074 si
1192 2036 1269 2073 acie

102 2091 307 2136 vicerimus,
336 2103 411 2128 uon
447 2095 575 2129 nostra
613 2092 732 2128 solum
771 2103 838 2128 nos
879 2095 1172 2140 recuperaturos,
1203 2090 1269 2126 sed

102 2144 224 2190 etiam,
253 2156 348 2193 quae
374 2144 535 2182 hostium
565 2149 663 2191 sunt,
686 2149 944 2193 occupaturos.
999 2143 1164 2180 Proinde
1191 2156 1269 2180 non

104 2202 159 2235 est
178 2198 277 2245 quod
296 2197 495 2247 quidquam
513 2198 646 2236 virium
665 2198 848 2236 subducat
868 2210 914 2234 ex
932 2198 1020 2244 acie,
1042 2198 1120 2243 sed,
1135 2202 1178 2235 ut
1196 2209 1266 2242 me,

103 2257 146 2289 ut
174 2250 346 2300 Philippo
372 2255 477 2300 patre
515 2252 669 2300 dignum
706 2256 772 2297 est,
803 2256 1016 2301 contempto
1045 2250 1269 2288 sarcinarum

104 2305 250 2350 damno,
270 2303 415 2342 fortiter
433 2304 607 2343 dimicet!
660 2305 814 2343 Interim
840 2305 987 2342 barbari
1005 2304 1270 2354 impedimenta

104 2359 343 2396 turbaverant
363 2371 371 2395 z
414 2358 600 2407 caesisque
635 2359 818 2407 plerisque
864 2359 1072 2404 custodum,
1120 2358 1268 2407 captivi,

105 2411 259 2449 vinculis
277 2411 406 2462 ruptis,
428 2411 607 2461 quidquid
635 2412 784 2449 obvium
812 2417 902 2458 erat,
924 2425 997 2462 quo
1026 2412 1159 2450 armari
1185 2422 1268 2460 pos«
