1496 2671
160 173 207 209 16
492 169 762 208 CORNELII
790 164 1035 208 NEPOTjIS

537 331 615 368 ΙΙΙ.
646 330 963 369 ARISTIDES.

159 406 257 446 CAP.
279 407 310 444 I.
369 405 558 444 Aristides
585 405 722 444 Justus
746 412 907 496 propter
935 407 1114 443 virtulem
1134 405 1348 443 mulctatur

691 473 748 497 esci
768 473 813 497 zo.

212 537 452 581 Amsrmsss,
489 536 713 586 Lysimachi
745 536 859 581 filius,
887 533 1149 581 Atheniensis,
1179 535 1350 584 aequalis

158 592 239 629 sere
254 591 330 628 fuit
345 590 608 628 Themistocli.
651 589 790 638 Itaque
805 602 893 627 cum
906 602 950 626 eo
962 589 1009 626 de
1021 589 1240 638 principatu
1255 601 1348 626 con-

160 645 296 683 tendit.
351 644 532 693 Namque
557 641 823 681 obtrectarunt
845 642 947 680 inter
966 655 1018 680 se.
1075 642 1124 679 In
1142 642 1204 679 his
1223 647 1352 680 autem

159 699 355 747 cognitum
386 703 444 735 est
471 703 616 746 quanto
640 697 842 734 antistaret
860 696 1079 745 eloquentia
1096 695 1350 734 innocentiae.

163 752 405 801 Quamquam
435 752 537 789 enim
570 752 663 788 adeo
692 750 905 788 excellebat
929 749 1124 787 Aristides
1156 749 1352 787 abstinen-

159 806 225 852 tia,
254 816 298 843 ut
330 817 431 842 unus
462 810 549 855 post
581 805 780 842 hominum
805 804 1040 849 memoriam,
1067 803 1170 851 quod
1197 802 1354 852 quidem

159 872 230 897 nos
266 859 540 903 audiverimus,
588 858 816 907 cognomine
861 856 999 894 Justus
1044 856 1094 894 sit
1122 855 1354 905 appellatus3

159 919 288 951 tamen
309 925 330 950 a
361 912 620 949 Themistocle
649 910 931 956 collabefactus,
966 906 1115 948 ‘testula⁴
1137 907 1205 947 illa
1235 908 1355 947 exilio

160 967 293 1004 decem
325 978 513 1003 annorum
552 965 759 1002 mulctatus
790 969 861 1002 est.
920 962 999 1010 Qui
1030 962 1200 1012 quidem,
1234 975 1355 1012 quum

160 1021 395 1069 intelligeret
414 1019 573 1068 reprimi
593 1019 824 1056 concitatam
835 1017 1125 1054 multitudinem
1139 1028 1216 1054 non
1231 1028 1354 1066 posse,

160 1074 375 1122 cedensque
387 1073 711 1111 animadverteret
723 1072 914 1120 quendam
927 1071 1159 1108 scribentem
1173 1074 1217 1106 ut
1231 1069 1357 1118 patria

160 1128 380 1178 pelleretur,
402 1130 598 1176 quaesisse
618 1127 665 1163 ab
678 1138 722 1163 eo
734 1125 888 1170 dicitur,
909 1136 1033 1173 quare
1052 1124 1096 1160 id
1097 1124 1267 1173 faceret,
1286 1127 1359 1159 aut

161 1181 258 1231 quid
292 1178 485 1218 Aristides
521 1180 772 1223 commisisset,
806 1189 877 1215 cur
910 1176 1023 1214 ίαητᾶ
1052 1175 1180 1227 poenc‘i
1217 1177 1357 1226 diynus

162 1236 392 1272 duceretur:
425 1233 489 1271 cui
517 1234 582 1271 ille
609 1232 821 1281 respondit,
849 1244 887 1268 se
913 1232 1098 1280 iynorare
1133 1230 1356 1275 Aristidem,

161 1289 228 1326 sed
252 1288 325 1325 sibi
354 1299 432 1324 non
455 1287 613 1337 placere
645 1286 749 1335 quod
778 1292 857 1323 tam
886 1286 1023 1335 cupide
1059 1281 1292 1321 elaborasset
1316 1288 1361 1320 ut

159 1347 318 1392 praeter
336 1347 477 1378 ceteros
494 1340 633 1378 Justus
652 1339 929 1390 appellaretur.
988 1339 1068 1376 Hic
1087 1339 1218 1376 decem
1238 1349 1358 1375 anno-

162 1409 251 1433 rum
280 1395 494 1445 legitimam
522 1407 685 1444 poenam
712 1406 790 1430 non
818 1393 1002 1442 pertulit;
1037 1404 1127 1429 nam
1155 1396 1359 1441 postquam

163 1449 321 1487 Xerxes
345 1449 388 1485 in
418 1447 625 1486 Graeciam
653 1447 862 1493 descendit,
882 1451 992 1484 sexto
1025 1445 1107 1483 fere
1135 1457 1237 1483 anno
1254 1449 1360 1494 post-

163 1516 279 1552 quam
317 1508 399 1540 erat
432 1502 630 1551 expulsus,
659 1501 861 1551 plebiscito
889 1499 1128 1549 in'patriam
1156 1499 1360 1536 restitutus

165 1563 234 1595 est.
291 1555 478 1593 Interfuit
515 1562 644 1593 autem
679 1566 833 1604 pugnae
860 1554 991 1591 navali
1019 1553 1121 1602 apud
1152 1551 1357 1597 Salamina,

165 1623 263 1660 quae
282 1610 383 1648 facta
402 1615 460 1647 est
479 1610 598 1658 prius,
621 1621 736 1658 quam
755 1610 879 1657 poena
897 1607 1145 1644 liberaretur.

687 1707 845 1715 *—

168 1762 268 1802 CAP.
289 1762 346 1800 Π.
377 1762 596 1799 Revocacus
616 1760 806 1797 Aristides
811 1759 872 1808 fit
882 1764 1047 1809 praetor
1059 1774 1073 1802 ;
1099 1758 1220 1795 maris
1238 1759 1357 1808 impe·-

449 1817 550 1852 rium
570 1813 866 1852 Atheniensibus
885 1812 1076 1850 conciliat.

167 1892 279 1929 Imm
298 1899 453 1941 praetor
472 1891 549 1928 fuit
562 1889 864 1928 Atheniensium
877 1889 979 1938 apud
997 1888 1176 1926 Plataeas
1194 1888 1235 1924 in
1249 1899 1360 1936 proe-

166 1946 230 1991 lio,
252 1958 328 1994 quo
348 1945 578 1982 Mardonius
597 1944 717 1989 fusus,
737 1944 1068 1991 barbarorumque
1087 1941 1283 1980 exercitus
1301 1945 1361 1978 est

169 1998 407 2037 interfectus.
464 1998 604 2046 Neque
623 1997 728 2034 aliud
747 2003 805 2035 est
823 1997 947 2034 ullum
973 1995 1091 2044 hujus
1118 1995 1160 2032 in
1187 2007 1230 2033 re
1256 1994 1360 2032 mili-

169 2053 245 2090 tari
263 2052 413 2090 illustre
432 2051 589 2096 factum,
610 2064 725 2099 quam
743 2050 860 2099 hujus
878 2050 1032 2100 imperii
1051 2049 1250 2087 memoria:
1272 2047 1360 2097 jus-

169 2107 280 2144 titiae
299 2118 404 2151 vero,
426 2111 465 2143 et
483 2105 701 2154 aequitatis,
731 2110 770 2142 et
788 2104 1045 2149 innocentiae,
1065 2103 1187 2140 multa
1194 2117 1204 2148 ;
1223 2101 1360 2152 impri-

171 2159 255 2205 mis,
276 2159 379 2209 quod
397 2158 482 2207 ejus
502 2158 696 2206 aequitate
723 2157 870 2195 factum
889 2163 947 2195 est
965 2169 1086 2206 quum
1104 2157 1146 2193 in
1165 2154 1361 2194 communi

171 2214 291 2252 classe
320 2220 420 2250 esset
452 2211 640 2250 Graeciae
671 2211 784 2249 simul
813 2224 902 2249 cum
931 2208 1138 2258 Pausania,
1167 2222 1244 2259 quo
1263 2209 1362 2246 duce

171 2266 401 2305 Mardonius
429 2271 513 2303 erat
539 2265 708 2315 fugatus,
732 2270 776 2302 ut
795 2277 944 2303 summa
962 2264 1116 2314 imperii
1134 2261 1319 2302 maritimi
1337 2273 1361 2298 a

171 2319 486 2359 Lacedaemoniis
500 2318 777 2357 transferretur
791 2319 840 2356 ad
854 2318 1126 2357 Athenienses.
1166 2316 1358 2364 Namque,

174 2380 264 2413 ante
281 2374 323 2411 id
340 2379 506 2423 tempus,
525 2378 564 2411 et
582 2373 680 2410 mari
699 2378 738 2411 et
756 2370 860 2411 terra
887 2372 1003 2410 duces
1031 2376 1141 2410 erant
1166 2369 1361 2408 Lacedae-

173 2428 309 2467 monii:
328 2433 411 2466 tum
431 2432 559 2466 autem
578 2431 617 2466 et
634 2426 933 2477 intemperantia
946 2426 1175 2473 Pausaniae,
1189 2427 1229 2462 et
1241 2421 1363 2472 justi·
