1496 2671
183 145 233 184 72
522 145 568 184 C.
598 144 751 183 ›JULII
782 145 1040 184 CAESARIS

180 258 255 296 tur,
278 258 386 289 tanta
415 258 622 301 tempestas
646 253 773 291 subito
797 260 927 290 coorta
950 259 1020 298 est,
1047 261 1089 290 ut
1115 253 1221 291 nulla
1243 266 1376 291 earum

178 319 333 342 cursum
355 312 486 343 tenere
507 313 644 355 posset,
666 307 731 344 sed
752 307 834 343 aliae
856 307 999 350 eodem,
1024 308 1124 345 unde
1148 314 1259 344 erant
1286 321 1375 356 pro-

178 359 301 404 fectae,
333 360 580 405 referrentur,
602 361 686 397 aliae
718 361 765 397 ad
796 360 1018 397 inferiorern
1048 367 1196 409 partem
1225 361 1374 407 insulae,

177 425 263 460 quae
285 420 343 450 est
362 414 521 462 propius
541 414 630 450 solis
650 427 836 459 occasum,
861 426 998 462 magno
1017 415 1077 451 sui
1096 428 1184 452 cum
1204 414 1376 463 periculo

177 466 452 514 dejicerentur:
472 479 556 515 quae
576 473 719 512 tamen,
739 468 889 505 ancoris
916 467 1032 514 jactis
1052 482 1172 517 quum
1191 468 1375 505 fluctibus

175 520 472 569 complerentur,
494 522 708 558 necessario
738 522 900 559 adversa
933 528 1044 559 nocte
1074 522 1115 558 in
1144 521 1264 559 altum
1284 534 1373 570 pro-

177 581 296 610 vectae
316 575 577 611 continentem
597 575 807 623 petierunt.

230 627 396 664 XXIX.
427 625 574 665 Eadem
594 634 703 665 nocte
719 628 869 673 accidit,
887 634 929 665 ut
945 634 1045 665 esset
1060 628 1152 664 luna
1166 628 1290 676 plena,
1307 628 1375 676 qui

173 681 255 717 dies
284 682 497 718 maritimos
517 688 632 719 aestus
655 682 840 719 maximos
869 682 910 717 in
932 681 1087 719 Oceano
1106 679 1256 719 efficere
1276 694 1369 719 con·

175 735 319 772 suevit:
355 736 573 784 nostrisque
605 735 645 771 id
672 741 755 772 erat
781 735 1033 783 incognitum.
1091 735 1154 772 Ita
1179 747 1257 771 uno
1276 741 1373 772 tem-

174 801 266 836 pore
300 794 339 825 et
371 789 506 838 longas
537 801 667 833 naves,
689 789 830 836 quibus
861 788 992 826 Caesar
1011 789 1226 825 exercitum
1247 794 1372 826 trans-

172 843 405 890 portandum
435 848 649 886 curaverat,
671 853 844 889 quasque
873 842 911 878 in
942 843 1094 879 aridum
1117 842 1371 887 subduxerat,

173 902 291 932 aestus
324 895 557 944 eomplebat3
588 902 626 931 et
658 896 865 940 onerarias,
890 907 974 944 quae
1003 896 1051 932 ad
1077 907 1237 932 ancoras
1263 901 1373 932 erant

173 948 362 997 deligatae,
379 954 587 998 tempestas
603 948 841 993 adflictabat3
862 961 986 998 neque
1000 949 1079 986 ulla
1094 949 1237 986 nostris
1251 948 1372 986 facul-

172 1008 231 1039 tas
259 1008 326 1039 aut
360 1002 668 1047 administrandi,
689 1010 756 1039 aut
776 1002 990 1040 auxiliandi
1022 1003 1197 1040 dabatur,
1256 1001 1372 1040 Com-

172 1056 349 1104 pluribus
369 1057 534 1093 navibus
555 1055 699 1101 fractis,
721 1055 879 1105 reliquae
899 1069 1019 1105 quum
1039 1062 1179 1100 essent,
1200 1055 1370 1101 funibus,

171 1109 323 1147 ancoris
343 1110 579 1158 reliquisque
599 1110 848 1146 armamentis
862 1110 1025 1154 amissis,
1043 1110 1090 1146 ad
1106 1109 1371 1158 navigandum

171 1163 342 1206 inutiles,
375 1173 528 1212 magna,
556 1163 598 1199 id
626 1163 729 1211 quod
759 1175 914 1200 necesse
945 1172 1027 1200 erat
1047 1163 1230 1207 accidere,
1251 1163 1371 1200 totius

169 1217 367 1253 exercitus
387 1217 628 1265 perturbatio
647 1216 749 1254 facta
769 1223 842 1254 est:
863 1229 988 1264 neque
1007 1217 1109 1253 enim
1126 1228 1244 1253 naves
1260 1222 1371 1253 erant

169 1269 268 1314 alife,
288 1271 430 1318 quibus
460 1270 650 1319 reportari
679 1277 846 1318 possent,
867 1276 906 1307 et
931 1270 1059 1306 omnia
1089 1271 1258 1313 deerant,
1283 1280 1370 1317 quae

168 1324 218 1360 ad
246 1324 472 1360 reficiendas
496 1336 560 1360 eas
587 1323 674 1360 usui
695 1329 796 1368 sunt,
817 1330 867 1368 et,
890 1323 993 1371 quod
1021 1323 1200 1360 omnibus
1219 1330 1370 1360 consta—

168 1377 234 1414 bat
254 1377 423 1414 hiemare
442 1377 483 1413 in
504 1374 635 1414 Gallia
654 1382 842 1425 oportere,
864 1376 1102 1413 frumentum
1125 1377 1184 1413 his
1210 1376 1251 1412 in
1276 1376 1371 1413 locis

168 1430 209 1466 in
231 1431 394 1466 hiemem
415 1431 613 1478 provisum
634 1443 709 1467 non
730 1437 823 1467 erat.

223 1483 365 1520 XXX.
398 1482 550 1529 Quibus
579 1484 696 1520 rebus
725 1483 901 1531 cognitis,
923 1483 1118 1532 principes
1139 1482 1367 1528 Britanniae,

167 1537 234 1584 qui
268 1544 353 1585 post
386 1537 562 1585 proelium
596 1536 741 1574 factum
771 1538 819 1574 ad
851 1550 905 1581 ea,
927 1549 1012 1585 quae
1034 1536 1205 1584 jusserat
1225 1535 1366 1580 Caesar,

167 1590 343 1627 facienda
375 1597 650 1635 convenerant,
672 1591 774 1626 inter
805 1603 845 1627 se
866 1590 1059 1633 collocuti,
1081 1602 1201 1637 quum
1221 1590 1370 1638 equites

167 1650 206 1681 et
238 1657 357 1681 naves
389 1650 427 1681 et
459 1644 699 1680 frumentum
732 1644 918 1680 Romanis
942 1644 1074 1681 deesse
1093 1642 1366 1689 intelligerent,

166 1703 205 1734 et
238 1697 472 1746 paucitatem
505 1697 674 1734 militum
708 1710 758 1734 ex
786 1704 998 1734 castrorum
1029 1697 1246 1743 exiguitate
1276 1709 1367 1744 cog·

166 1758 379 1795 noscerent,
402 1762 487 1799 quse
519 1752 591 1788 hoc
625 1758 734 1787 erant
764 1751 881 1788 etiam
901 1751 1138 1799 angustiora,
1160 1750 1262 1798 quod
1283 1750 1365 1786 sine

164 1804 451 1853 impedimentis
473 1804 604 1842 Caesar
623 1804 794 1853 legiones
814 1810 1154 1852 transportaverat,
1176 1803 1364 1851 optimum

164 1857 270 1895 factu
303 1870 387 1895 esse
420 1859 629 1903 duxerunt,
664 1857 875 1895 rebellione
904 1858 1017 1902 faeta,
1043 1856 1243 1893 frumento
1261 1868 1363 1892 eom-

163 1919 370 1960 meatuque
401 1918 552 1949 nostros
582 1911 787 1960 prohibere
812 1918 851 1948 et
870 1923 952 1947 rem
971 1911 1012 1947 in
1031 1910 1198 1946 hiemem
1218 1909 1362 1958 produ-

163 1977 260 2009 cere,
282 1966 395 2014 quod,
417 1965 466 2001 iis
485 1965 676 2014 superatis
692 1970 758 2001 aut
778 1965 905 2002 reditu
920 1963 1152 2007 interclusis,
1171 1962 1364 1999 neminem

162 2026 295 2067 postea
317 2018 406 2056 belli
435 2018 626 2056 inferendi
647 2020 763 2055 causa
781 2019 821 2054 in
841 2017 1086 2054 Britanniam
1107 2015 1363 2053 transiturum

162 2073 417 2109 confidebant.

215 2125 380 2161 XXXI.
412 2125 550 2172 Itaque
578 2137 712 2162 rursus
741 2123 1006 2172 conjuratione
1025 2120 1142 2169 facta,
1162 2121 1363 2171 paullatim

161 2191 216 2216 ex
249 2178 387 2215 castris
418 2178 613 2215 discedere
643 2190 688 2215 ac
720 2190 808 2215 suos
840 2177 936 2214 elam
967 2189 1017 2213 ex
1045 2177 1148 2224 agris
1174 2175 1363 2213 deducere

162 2238 380 2280 coeperunt.
438 2231 496 2268 At
536 2231 676 2275 Caesar,
715 2231 787 2268 etsi
825 2231 996 2268 nondum
1032 2242 1166 2267 eorum
1202 2227 1364 2267 consilia

161 2291 406 2334 cognoverat,
427 2289 557 2322 tamen
578 2290 617 2322 et
637 2297 687 2321 ex
707 2291 850 2321 eventu
878 2284 1036 2320 navium
1057 2296 1225 2327 suarum,
1249 2288 1290 2320 et.
1309 2293 1360 2318 ex

160 2351 206 2376 eo
226 2339 327 2386 quod
347 2338 498 2375 obsides
518 2339 610 2375 dare
628 2338 929 2383 intermiserant,
949 2337 1033 2375 fore
1053 2337 1104 2382 id,
1126 2337 1230 2386 quod
1259 2335 1358 2373 acci-

161 2392 230 2438 dit,
271 2392 548 2442 suspicabatur.
606 2391 745 2440 Itaque
786 2392 834 2429 ad
871 2403 1004 2429 omnes
1041 2403 1154 2428 casus
1188 2388 1360 2427 subsidia
