1496 2671
135 203 155 237 ‘i
456 198 725 237 CORNELII
754 195 966 238 NEPOTI
971 199 998 238 S

132 308 315 351 facerent,
337 304 580 355 postulasset,
610 307 667 343 illi
697 307 900 345 irridentes
925 307 1216 356 responderunt,
1237 312 1321 344 tum'

133 362 173 398 id
203 374 243 398 se
275 360 454 404 facturos,
476 372 595 408 quum
627 361 705 406 ille,
731 362 843 398 domo
874 361 1039 398 navibus
1063 361 1324 410 proficiscens,

135 421 252 452 vento
289 413 486 462 Aquilone
515 413 683 451 venisset
711 414 916 461 Lemnum:
945 414 1009 452 hic
1037 414 1140 452 enim
1167 421 1319 458 ventuS,

133 482 156 506 a
178 467 514 516 Septentrionibus
538 467 676 513 oriens,
698 468 902 505 adversum
921 473 1027 505 tenet
1045 467 1214 505 Athenis
1233 480 1322 517 pro-

133 518 405 559 ficiseentibus.
464 520 672 566 Miltiades,
699 522 873 558 morandi
900 527 1051 570 tempus
1069 534 1146 558 non
1163 521 1323 566 habens,

134 587 289 612 cursum
304 574 448 612 direxit
459 587 535 623 quo
549 575 744 621 tendebat,
760 576 1014 624 pervenitque
1028 574 1322 613 Chersonesum.

136 725 236 764 CAP.
284 725 340 762 ΙΙ.
397 724 605 769 Miltiades,
661 724 889 762 Chersoneso
932 726 1087 776 potitus,
1135 724 1325 762 Lemnum

536 780 643 828 capit
661 785 697 815 et
720 778 922 827 Cycladas.

188 856 268 901 1121,
287 855 398 892 brevi
426 860 612 904 tempore,
633 856 885 892 barbarorum
905 855 1026 904 copiis
1045 855 1225 903 disjectis,
1247 852 1328 892 tot&

134 909 305 959 regione
329 921 445 956 quam
481 909 646 957 petierat
682 909 840 957 potitus,
879 909 962 946 loca
989 909 1157 946 castellis
1188 909 1328 946 idonea

136 962 406 1001 communivit:
439 962 740 1007 multitudinem,
774 975 890 1011 quam
919 974 1050 1000 secum
1079 962 1256 1008 duxerat,
1285 962 1328 998 in

135 1017 239 1066 agris
256 1016 468 1060 collocavit,
490 1016 712 1064 crebrisque
740 1016 1035 1053 excursionibus
1064 1015 1326 1064 locupletavit.

136 1072 277 1119 Neque
296 1070 424 1106 minus
447 1069 488 1105 in
514 1067 559 1106 ea
589 1082 630 1107 re
658 1070 875 1118 prudentia,
897 1082 1012 1118 quam
1044 1069 1240 1114 felicitate,
1261 1069 1327 1106 ad-

132 1125 243 1173 jutus
258 1129 331 1161 est:
352 1136 441 1160 nam
460 1136 580 1172 quum
595 1124 741 1160 virtute
756 1123 922 1160 militum
938 1123 1144 1160 devicisset
1158 1122 1328 1160 hostium

138 1178 345 1223 exercitus,
371 1174 521 1214 summa
553 1177 745 1226 aequitate
776 1189 838 1214 res
864 1177 1076 1222 constituit,
1103 1182 1220 1226 atque
1245 1177 1329 1225 ipse

137 1232 283 1270 ibidem
310 1242 466 1268 manere
496 1230 682 1268 decrevit.
738 1230 836 1267 Erat
863 1230 967 1267 enim
989 1230 1091 1267 inter
1116 1242 1180 1267 eos
1200 1230 1328 1279 digni-

137 1292 218 1323 tate
250 1282 370 1334 regia,
390 1284 568 1332 quamvis
598 1285 752 1321 carebat
781 1284 951 1321 nomine:
984 1296 1110 1332 neque
1137 1284 1178 1320 id
1206 1283 1330 1332 magis

137 1338 313 1388 imperio,
345 1350 462 1386 quam
484 1335 638 1385 justitiet
669 1344 909 1375 consecutus.
966 1337 1105 1386 Neque
1133 1349 1178 1374 eo
1205 1338 1331 1375 secius

139 1392 459 1436 Atheniensibus,
481 1403 502 1428 a
519 1391 659 1440 quibus
688 1397 771 1428 erat
790 1391 995 1440 profectus,
1017 1391 1141 1428 officia
1160 1396 1331 1439 praesta-

138 1449 216 1484 bat.
274 1444 426 1491 Quibus
454 1446 569 1482 rebus
588 1446 715 1489 fiebat,
736 1451 780 1481 ut
799 1458 875 1482 non
895 1446 1021 1481 minus
1041 1457 1174 1482 eorum
1192 1443 1332 1482 volun-

139 1507 218 1538 tate
248 1504 434 1549 perpetuo
453 1498 659 1546 imperium
685 1499 887 1543 obtineret,
909 1498 976 1547 qui
995 1498 1193 1543 miserant,
1215 1510 1332 1548 quam

139 1555 306 1598 illorum,
327 1565 416 1590 cum
448 1553 588 1601 quibus
614 1558 697 1589 erat
725 1552 934 1601 profectus.
993 1551 1234 1589 Chersoneso
1262 1551 1333 1588 tali

141 1608 254 1645 modo
282 1606 503 1651 constituta,
528 1606 718 1643 Lemnum
741 1606 963 1649 revertitur,
988 1611 1027 1642 et
1045 1617 1096 1642 ex
1113 1610 1226 1654 pacto
1245 1617 1333 1654 pos-

141 1662 253 1707 tulat,
271 1666 316 1698 ut
334 1660 409 1697 sibi
430 1661 566 1696 urbem
585 1660 750 1696 tradant.
806 1659 871 1695 Illi
886 1658 990 1696 enim
1004 1658 1196 1704 dixerant,
1213 1671 1262 1707 qu
1270 1670 1334 1695 um

142 1721 260 1753 vento
278 1712 407 1751 Borea
425 1714 537 1751 domo
556 1712 750 1762 profectus
771 1725 814 1750 eo
834 1712 1086 1762 pervenisset,
1114 1724 1197 1750 sese
1225 1711 1333 1749 dedi-

143 1776 266 1806 turos:
304 1781 345 1805 se
375 1773 504 1805 autem
535 1768 690 1804 domum
724 1766 955 1804 Chersonesi
988 1766 1144 1803 habere.
1202 1764 1335 1810 Cares,

143 1823 212 1873 qui
241 1828 326 1859 tum
352 1821 543 1858 Lemnum
571 1821 803 1866 incolebant,
825 1821 898 1857 etsi
931 1825 1083 1868 praeter
1113 1819 1336 1868 opinionem

144 1888 216 1914 res
236 1876 437 1920 ceciderat,
471 1881 601 1912 tamen
634 1888 711 1912 non
740 1874 853 1919 dicto,
884 1862 951 1911 sed
980 1871 1147 1911 secunda.
1179 1873 1336 1910 fortuna

145 1929 454 1968 adversariorum
481 1929 596 1977 capti,
616 1928 795 1966 resistere
823 1928 908 1965 ausi
935 1940 1012 1965 non
1040 1932 1131 1964 sunt
1149 1932 1264 1976 atque
1284 1938 1335 1963 ex

143 1981 271 2021 insula
308 1982 590 2030 demigiarunt.
648 1982 739 2019 Pari
776 1981 961 2019 felicitate
996 1986 1145 2019 ceteras
1177 1980 1335 2024 insulas,

147 2049 246 2087 quae
284 2034 472 2092 Cyclades
509 2037 768 2081 nominantur,
803 2036 874 2072 sub
911 2034 1212 2072 Atheniensium
1249 2033 1337 2072 red-

148 2091 229 2141 egit
247 2087 489 2140 potestatem

150 2229 545 2270 CAP.111.Darz·0
569 2228 720 2276 Scythis
744 2228 882 2266 bellum
909 2228 1107 2278 inferente,
1127 2227 1338 2273 Miltiades,

200 2285 327 2336 pontis
347 2289 480 2328 custos,
500 2282 698 2319 eonsilium
717 2283 788 2320 dat
804 2282 1048 2320 excutiendae
1066 2282 1338 2320 dominationis

204 2339 394 2384 Persicae,
413 2337 481 2374 sed
497 2335 546 2373 ab
568 2336 743 2373 Histiaeo
761 2337 979 2387 impeditur.

205 2415 356 2452 Irsmm
382 2412 631 2463 temporibus,
655 2412 863 2451 Persarum
888 2425 970 2460 rex,
996 2413 1153 2466 Darius,
1171 2423 1222 2450 ex
1240 2407 1342 2448 Asia

153 2469 196 2507 in
224 2469 420 2518 Europam
446 2467 621 2506 exercitu
650 2465 823 2516 trajecto,
847 2467 1002 2518 Scythis
1029 2466 1173 2506 bellum
1192 2464 1341 2504 inferre
