1496 2671
236 129 288 166 24
592 125 886 164 AGRICOLAE
914 125 1061 164 VITA.

235 232 469 274 Britaniam”
496 234 675 284 praecepit
695 247 703 271 z
732 233 832 272 datae
851 234 901 271 ad
928 234 968 271 id
987 234 1096 280 vireta,
1116 239 1155 274 et
1181 241 1422 285 praecesserat

236 295 376 328 terror:
402 288 484 338 ipse
517 287 686 336 peditem
721 292 835 337 atque
871 288 1016 337 equites
1041 288 1146 327 lento
1172 288 1321 336 itinere,
1348 300 1424 338 quo

235 354 416 380 novarum
433 341 606 390 gentium
625 341 740 378 animi
757 342 839 390 ipsa
856 342 1036 380 transitus
1054 355 1159 380 mora
1175 340 1422 390 terrerentur,

234 397 275 433 in
293 395 460 433 hibernis
478 395 630 432 locavit.
686 395 738 433 Et
751 395 859 432 simul
874 395 1001 433 classis
1020 396 1184 435 secunda
1197 400 1423 446 tempestate

235 463 277 487 ac
296 450 397 487 fama
417 448 682 486 Trutulensem
695 456 843 498 portum
858 449 992 495 tenuit,
1006 450 1108 487 unde
1121 451 1292 500 proximo
1305 450 1424 488 latere

235 503 443 541 Britanniae
461 503 560 540 lecto
579 503 700 540 omnis
718 503 894 540 redierat.

290 557 477 594 XXXIX.
523 556 641 594 Hunc
684 569 809 593 rerum
852 568 1018 601 cursum,
1063 568 1276 607 quanquam
1320 557 1425 594 nulla

234 613 434 648 verborum
448 610 636 659 jactantia
654 611 821 659 epistolis
835 611 868 646 A
874 609 1027 659 gricolae
1040 615 1206 656 auctum,
1226 615 1270 649 ut
1289 611 1424 648 Domi-

235 665 338 703 tiano
366 665 481 702 moris
509 669 601 710 erat,
629 663 756 701 fronte
770 664 889 709 laetus,
919 670 1073 713 pectore
1101 664 1235 702 anxius
1261 664 1421 714 excepit.

237 719 365 757 Inerat
393 718 636 762 conscientia,
665 718 805 754 derisui
831 717 945 755 fuisse
971 729 1091 766 nuper
1117 717 1253 755 falsum
1281 731 1303 755 e
1329 717 1425 756 Ger-

234 773 358 810 mania
385 771 633 821 triumphum,
662 771 797 820 emptis
824 783 892 819 per
919 771 1152 817 commercia,
1173 783 1333 820 quorum
1357 771 1424 809 ha·

234 827 335 864 bitus
362 831 401 864 et
429 826 550 862 crines
576 824 618 860 in
646 825 881 874 captivorum
910 825 1070 874 speciem
1088 825 1366 864 formarentur:
1386 831 1426 862 at

234 893 335 917 nunc
356 891 482 916 veram
501 890 753 926 magnamque
771 878 977 923 victoriam,
1001 883 1061 916 tot
1078 878 1242 916 millibus
1260 879 1424 918 hostium

234 934 348 978 caesis,
368 932 515 981 ingenti
535 932 635 968 fama
654 932 848 969 celebrari.
904 932 950 969 Id
969 932 1040 969 sibi
1065 932 1230 970 maxime
1246 932 1426 970 formido-

234 988 368 1032 losum,
400 986 539 1036 privati
566 973 730 1022 hominis
758 998 896 1023 nomen
925 998 1038 1047 supra
1064 986 1244 1047 princi-pis
1271 986 1424 1024 attolli·

233 1042 369 1078 frustra
388 1040 514 1078 studia
531 1039 617 1084 fori,
637 1046 675 1076 et
703 1040 869 1076 cixilium
888 1040 1025 1077 artium
1047 1039 1188 1077 decus
1178 1053 1218 1077 in
1238 1040 1425 1078 silentium

234 1102 328 1139 acta,
359 1094 390 1131 si
421 1094 620 1131 militarem
651 1093 811 1142 gloriam
839 1093 935 1130 alius
963 1099 1194 1143 occuparet:
1234 1099 1273 1132 et
1301 1098 1429 1132 cetera

234 1147 599 1196 utcunque-facilius
628 1147 864 1193 dissimulari,
894 1147 1001 1184 ducis
1028 1147 1120 1185 boni
1146 1147 1426 1197 imperatoriam

233 1202 413 1240 virtutem
442 1214 534 1239 esse.
592 1201 749 1238 Talibus
777 1201 875 1238 curis
903 1202 1101 1246 exercitus,
1123 1201 1298 1250 quodque
1317 1213 1426 1238 saevae

232 1255 472 1305 cogitationis
491 1254 672 1292 indicium
693 1260 785 1301 erat,
806 1260 951 1292 secreto
969 1267 1038 1291 suo
1053 1255 1222 1300 satiatus,
1243 1254 1426 1303 optimum

232 1311 273 1346 in
310 1309 512 1358 praesentia
540 1309 685 1353 statuit,
723 1321 905 1357 reponere
944 1308 1086 1353 odium,
1116 1309 1238 1345 donec
1263 1308 1428 1358 impetus

232 1363 339 1401 famae
370 1368 409 1401 et
434 1363 542 1400 favor
568 1361 753 1399 exercitus
780 1361 1069 1410 languesceret:
1096 1373 1182 1399 nam
1204 1361 1318 1399 etiam
1345 1365 1427 1400 tum

236 1417 418 1466 Agricola
436 1415 672 1454 Britanniam
693 1415 904 1453 obtinebat.

274 1448 372 1507 XL.
404 1469 528 1518 Igitur
549 1469 829 1518 “triumphalia
856 1474 1088 1515 ornamenta,
1118 1473 1157 1507 et
1174 1468 1332 1507 illustris
1350 1473 1426 1507 sta-

235 1530 311 1562 tuae
331 1524 526 1568 honorem,
556 1528 595 1560 et
615 1522 793 1571 quidquid
822 1535 891 1572 pro
916 1523 1108 1572 triumpho
1126 1522 1276 1570 datur,’'
1303 1522 1428 1561 multo

236 1579 436 1615 verborum
456 1577 600 1613 honore
619 1576 822 1622 cumulata,
842 1576 994 1613 decerni
1011 1577 1052 1613 in
1067 1583 1201 1615 senatu
1213 1576 1338 1627 jubet,
1359 1576 1426 1614 ad-

237 1632 350 1680 dique
376 1631 530 1679 insuper
559 1630 786 1679 opinionem,
816 1630 963 1680 Syriam
984 1630 1215 1679 provinciam
1243 1630 1447 1680 Agricolae·

239 1684 434 1729 destinari,
464 1697 620 1720 vacuam
640 1689 720 1721 tum
751 1690 873 1722 morte
900 1684 1010 1722 Atilii
1030 1683 1121 1721 Rufi
1148 1684 1368 1730 consularis,
1388 1690 1426 1722 et

239 1739 441 1788 majoribus
456 1744 698 1775 reservatam.
757 1738 962 1775 Credidere
980 1738 1162 1787 plerique,
1179 1738 1359 1776 libertum
1377 1750 1424 1775 ex

241 1792 499 1830 secretioribus
514 1791 730 1829 ministeriis
747 1792 899 1828 missum
914 1792 962 1829 ad
977 1792 1209 1842 Agricolam,
1225 1791 1430 1836 codicillos,

243 1847 376 1895 quibus
392 1845 426 1882 ei
445 1845 555 1895 Syria
573 1845 748 1890 dabatur,
767 1846 911 1891 tulisse,
940 1858 1022 1883 cum
1041 1850 1243 1895 praeeepto,
1263 1850 1320 1890 ut,
1340 1844 1372 1882 si
1390 1845 1430 1882 in

244 1899 441 1938 Britannia
468 1899 577 1945 foret,
598 1900 869 1937 traderentur:
899 1912 1056 1948 eumque
1082 1899 1258 1937 libertum
1277 1899 1318 1935 in
1345 1898 1427 1948 ipso

243 1954 340 1991 freto
361 1953 505 1990 Oceani
524 1953 676 1990 obvium
695 1954 899 2002 Agricolae,
918 1966 968 1991 ne
985 1953 1173 2003 appellato
1191 1952 1344 2001 quidem
1371 1965 1429 1997 eo,

244 2008 292 2044 ad
312 2007 577 2045 Domitianum
595 2019 802 2044 remeasse:
832 2008 910 2044 sive
927 2018 1058 2044 verum
1076 2006 1191 2052 istud,
1210 2006 1289 2043 sive
1307 2018 1354 2043 ex
1370 2005 1430 2042 in-

244 2061 357 2110 genio
384 2061 563 2110 principis
582 2061 710 2099 fictum
731 2074 774 2098 ac
801 2061 1046 2110 compositum
1073 2065 1142 2098 est.
1201 2059 1429 2097 Tradiderat

246 2115 398 2152 interim
436 2115 618 2164 Agricola
655 2115 857 2152 successori
894 2126 960 2151 suo
996 2114 1228 2163 provinciam
1263 2113 1429 2162 quietam

246 2174 454 2217 tutamque.
511 2169 568 2206 Ac
582 2182 630 2206 ne
649 2169 826 2207 notabilis
845 2167 1062 2206 celebritate
1080 2174 1119 2206 et
1131 2168 1345 2217 frequentia
1363 2178 1426 2204 oc-

246 2222 479 2258 currentium
490 2222 669 2260 introitus
681 2228 789 2264 esset,
805 2221 923 2259 vitato
936 2222 1140 2259 amicorum
1160 2222 1295 2265 officio,
1309 2226 1427 2258 noctu

246 2276 284 2311 in
314 2275 460 2319 urbem,
488 2282 605 2313 noctu
632 2276 673 2312 in
700 2276 891 2325 palatium,
919 2276 973 2313 ita
999 2281 1045 2313 ut
1071 2281 1302 2325 praeceptum
1330 2279 1425 2318 erat,

247 2328 373 2366 venit:
388 2334 641 2378 exceptusque
660 2329 764 2367 brevi
779 2329 920 2375 osculo,
933 2337 973 2367 et
987 2329 1093 2366 nullo
1107 2341 1290 2375 sermone,
1306 2327 1428 2367 turbae

248 2382 489 2422 servientium
507 2383 701 2422 immixtus
719 2388 789 2421 est.
848 2383 1025 2422 Ceterum
1044 2387 1089 2422 ut
1106 2382 1269 2422 militare
1277 2392 1430 2427 nomen,
