1496 2671
425 122 587 160 LIBER
616 120 856 160 TERTIUS.
1172 121 1221 158 13

73 242 198 280 regem
233 229 352 275 modo,
389 229 455 267 sed
481 229 591 266 etiam
618 234 661 267 ut
687 229 888 274 alumnum,
915 228 1047 266 eximia
1073 227 1228 266 caritate

73 285 265 334 diligebat.
319 283 356 320 Is
373 294 450 319 non
467 294 639 332 praeceps
658 294 707 327 se,
727 282 792 318 sed
819 288 1009 319 strenuum
1026 281 1227 319 remedium

74 338 214 383 afferre,
232 340 450 397 tantamque
475 336 549 372 vim
568 336 684 372 morbi
714 336 863 384 potione
881 336 1062 374 medicata
1087 335 1228 372 levatu-

74 404 155 428 rum
173 402 250 427 esse
266 389 447 450 promisit.
484 388 589 426 Nulli
602 389 819 438 promissum
834 387 911 437 ejus
923 389 1103 438 placebat,
1123 401 1226 438 prae—

73 449 130 484 ter
163 443 283 493 ipsum
310 442 414 492 cujus
440 442 602 492 periculo
628 442 881 491 pollicebatur.
935 442 1070 479 Omnia
1095 442 1229 492 quippe

71 496 210 534 facilius
224 509 334 545 quam
352 509 491 533 moram
516 496 659 556 perpeti
683 500 858 545 poterat:
887 508 987 532 arma
1006 500 1043 532 et
1070 496 1165 532 acies
1190 496 1231 532 in

73 549 187 587 oeulis
207 556 314 587 erant
332 563 341 594 ;
370 555 408 587 et
422 550 612 587 victoriam
631 549 670 586 in
684 561 728 586 eo
746 549 903 598 positam
922 561 999 586 esse
1027 549 1230 586 arbitraba—

72 607 143 648 tur,
190 602 220 640 si
246 608 393 641 tantum
420 608 508 641 ante
538 603 644 651 signa
670 607 767 640 stare
793 602 1001 652 potuisset:
1031 602 1069 638 id
1096 602 1228 651 ipsum,

71 656 171 706 quod
188 661 273 706 post
291 656 388 694 diem
407 657 557 694 tertium
576 656 882 694 medicamentum
894 665 1107 705 sumpturus
1122 664 1228 700 esset,

72 710 141 760 (ita
167 710 265 747 enim
296 711 459 747 medicus
495 709 742 760 praedixerat)
782 722 892 758 aegre
926 709 1057 746 ferens.
1126 709 1229 747 Inter

70 763 160 801 haec
179 776 200 800 a
227 763 481 809 Parmenione,
509 764 684 800 fidissimo
703 768 999 813 purpuratorum,
1028 763 1154 800 literas
1173 776 1231 800 ac-

70 817 171 867 cipit,
199 818 332 866 quibus
359 818 393 854 ei
411 817 659 855 denunciabat
685 830 732 853 ne
752 817 907 854 salutem
927 829 1031 854 suam
1059 816 1231 865 Philippo

70 870 343 909 committeret:
372 871 471 908 mille
497 870 644 908 talentis
671 883 693 907 a
720 870 837 908 Dario
864 875 902 908 et
929 883 992 920 spe
1019 869 1232 920 nuptiarum

70 924 204 961 sororis
223 923 300 973 ejus
319 937 397 961 esse
415 931 642 973 corruptum.
698 924 894 972 Ingentem
921 924 1043 961 animo
1071 923 1231 961 solicitu-

70 977 195 1015 dinem
212 978 341 1016 literae
358 978 598 1023 incusserant,
619 984 660 1015 et
679 978 853 1026 quicquid
872 978 910 1013 in
926 982 1120 1027 utramque
1147 990 1230 1026 par-

69 1036 144 1069 tem
171 1036 237 1069 aut
255 1036 375 1069 metus
393 1037 458 1069 aut
476 1044 558 1080 spes
577 1031 792 1080 subjecerat,
814 1031 956 1068 secreta
974 1031 1229 1068 aestimatione

68 1085 258 1134 pensabat.
317 1088 326 1106 ⁶
343 1084 478 1121 Bibere
495 1085 756 1134 perseverem?
785 1090 837 1129 ut,
854 1085 885 1122 si
899 1097 1080 1121 venenum
1101 1084 1228 1122 datum

68 1136 193 1183 fuerit,
211 1151 259 1175 ne
285 1138 467 1175 immerito
495 1138 645 1186 quidem
672 1138 854 1186 quidquid
872 1138 1047 1175 acciderit
1066 1138 1229 1174 evenisse

68 1191 251 1229 videatur.
289 1191 472 1228 Damnem
491 1191 624 1228 medici
643 1192 750 1228 fidem
766 1191 785 1228 t>
823 1191 867 1228 In
886 1191 1124 1229 tabernaculo
1143 1203 1232 1240 ergo

69 1257 128 1282 me
146 1245 302 1294 opprimi
320 1245 439 1294 patiar
456 1245 476 1282 P
530 1245 583 1282 At
610 1245 722 1282 satius
738 1250 793 1282 est
811 1245 930 1282 alieno
950 1257 1009 1281 me
1035 1245 1128 1282 mori
1154 1257 1230 1281 soe-

68 1298 154 1344 lere,
175 1311 285 1348 quam
298 1304 400 1336 metu
419 1297 524 1335 meo.’
578 1298 656 1335 Diu
684 1299 805 1335 animo
838 1299 877 1334 in
904 1298 1048 1335 diversa
1074 1304 1229 1344 versato,

68 1352 162 1388 nulli
180 1352 270 1401 quid
288 1353 464 1401 scriptum
483 1357 579 1389 esset
598 1352 770 1389 enunciat
790 1365 798 1396 ;
816 1352 1090 1401 epistolamque,
1111 1351 1232 1400 sigillo

70 1406 198 1442 annuli
215 1405 272 1442 sui
288 1406 511 1455 impressam,
531 1405 682 1454 pulvino
701 1405 760 1442 cui
776 1406 1012 1443 incumbebat
1037 1405 1203 1453 subjecit.

122 1458 229 1496 XIV.
258 1458 360 1496 Inter
384 1459 449 1496 has
476 1459 718 1507 cogitationes
745 1459 858 1496 biduo
882 1459 1088 1508 absumpto,
1108 1459 1231 1496 illuxit

71 1525 93 1549 a
111 1512 254 1550 medico
273 1512 477 1550 destinatus
497 1513 585 1558 dies,
606 1517 643 1549 et
660 1512 722 1549 ille
741 1525 825 1549 cum
844 1512 976 1562 poculo
994 1512 1034 1549 in
1061 1525 1134 1561 quo
1154 1525 1229 1548 me-

70 1565 319 1604 dicamentum
355 1566 524 1611 diluerat,
545 1566 708 1604 intravit.
784 1566 869 1610 Quo
896 1566 974 1603 viso
1001 1566 1228 1609 Alexander,

68 1619 189 1657 levato
208 1632 359 1668 corpore
376 1620 416 1656 in
435 1619 612 1664 cubitum,
633 1620 824 1668 epistolam
842 1632 864 1656 a
884 1619 1128 1656 Parmenione
1146 1619 1230 1656 niis-

68 1685 144 1710 sam
162 1673 309 1710 sinistra
335 1686 446 1710 manu
464 1678 605 1718 tenens,
626 1673 757 1722 accipit
784 1673 957 1722 poculum
977 1679 1014 1711 et
1033 1673 1156 1711 haurit
1174 1674 1230 1709 in-

69 1726 218 1764 territus
238 1739 246 1764 :
276 1733 356 1764 tum
375 1727 565 1776 epistolam
585 1726 792 1775 Philippum
810 1727 934 1775 legere
945 1727 1054 1775 jubet
1074 1740 1083 1771 3
1114 1739 1182 1764 nec
1210 1740 1230 1763 a

68 1780 174 1818 vultu
199 1779 357 1829 legentis
382 1780 499 1817 movit
525 1779 661 1826 oculos,
689 1787 790 1818 ratus
818 1781 958 1830 aliquas
986 1781 1230 1817 conscientiae

68 1838 175 1871 notas
201 1833 240 1870 in
276 1833 355 1883 ipso
382 1846 445 1871 ore
471 1846 576 1883 posse
603 1833 889 1882 deprehendere.
963 1834 1042 1879 Ille,
1072 1833 1226 1882 epistola

69 1887 238 1934 perlecta,
258 1887 341 1936 plus
359 1887 624 1936 indignationis
639 1900 748 1936 quam
767 1887 911 1936 pavoris
923 1887 1087 1925 ostendit
1106 1900 1114 1924 :
1143 1899 1227 1935 pro-

63 1939 245 1989 jectisque
263 1941 419 1978 amiculo
447 1946 484 1978 et
510 1941 626 1978 literis
653 1946 739 1978 ante
766 1941 915 1986 lectum,
936 1945 945 1960 ‘
966 1940 1074 1986 Rex,'
1093 1940 1225 1989 inquit,

72 1997 80 2013 ⁶
94 2005 235 2043 semper
252 1994 401 2043 quidem
419 1995 567 2044 spiritus
586 2007 687 2031 meus
707 2007 752 2030 ex
772 2001 809 2032 te
827 1994 1014 2044 pependit,
1035 1994 1101 2031 sed
1127 2006 1225 2030 nunc

71 2059 165 2092 vere,
185 2047 354 2093 arbitror,
375 2061 477 2085 sacro
495 2053 532 2085 et
551 2048 750 2085 venerabili
768 2061 831 2085 ore
850 2048 1018 2086 trahitur.
1076 2047 1224 2084 Crimen

69 2099 253 2149 parricidii
266 2101 365 2149 quod
382 2102 472 2138 mihi
498 2101 682 2150 objectum
702 2107 757 2139 est
776 2107 840 2139 tua
858 2102 955 2139 salus
974 2102 1092 2139 diluet
1112 2115 1119 2138 ε
1150 2113 1226 2138 ser-

70 2158 176 2192 vatus
190 2166 213 2190 a
230 2166 288 2190 me
306 2154 418 2192 vitam
436 2155 526 2191 mihi
543 2155 700 2191 dederis.
754 2155 832 2192 Oro
851 2168 1070 2204 quaesoque,
1091 2155 1223 2192 omisso

67 2212 183 2251 metu,
203 2211 329 2255 patere
345 2208 650 2246 medicamentum
668 2209 810 2257 concipi
829 2209 928 2246 venis
949 2222 957 2246 :
986 2210 1069 2246 laxa
1087 2208 1223 2257 paulis-

67 2273 134 2309 per
151 2260 324 2305 animum,
343 2273 449 2309 quem
469 2262 723 2311 intempestiva
749 2262 982 2300 solicitudine
999 2262 1118 2307 amici,
1137 2273 1224 2299 sane

69 2314 206 2359 fideles,
222 2314 286 2350 sed
299 2314 450 2351 moleste
468 2315 594 2359 seduli,
615 2316 778 2353 turbant.
832 2316 919 2352 Non
932 2329 1101 2353 securum
1112 2316 1222 2351 mode

69 2367 158 2406 haec
175 2379 246 2405 vox
265 2367 330 2405 sed
347 2367 457 2405 etiam
475 2368 612 2406 laetum
638 2380 762 2417 regem
781 2382 822 2406 ac
842 2369 991 2419 plenum
1009 2371 1128 2407 bonae
1146 2368 1223 2418 spei

629 2432 660 2468 B
