1496 2671
456 164 618 200 LIBER
652 163 928 209 QUARTUS.
1227 161 1275 199 75

110 273 229 310 adhuc
260 283 399 321 pugnae
431 277 574 316 eventu,
605 283 668 320 pro
702 271 835 307 victore
869 284 906 308 se
938 271 1067 318 gessi13
1096 268 1279 317 perculsos

109 326 236 363 deinde
256 325 374 361 hostes
392 323 506 361 fudit:
535 323 721 372 fugientes,
750 325 844 372 quod
873 326 909 361 in
937 324 996 360 illo
1023 322 1146 359 ardore
1165 321 1277 357 animi

110 381 174 416 vix
206 378 300 416 credi
331 384 460 428 potest,
491 377 711 428 prudentius,
731 390 840 426 quam
869 377 1009 414 avidius
1045 380 1282 426 persequutus

108 440 172 471 est.
228 431 324 468 Nam
344 433 384 477 si,
398 437 498 480 parte
517 431 698 469 exercitus
713 429 834 468 adhuc.
853 431 888 467 in
910 431 988 468 acie
1005 436 1132 476 stante,
1147 430 1278 465 instare

107 485 314 523 cedentibus
332 492 608 535 perseverasset,
628 491 690 521 aut
717 496 782 521 sua
810 485 917 533 culpa
946 490 1062 521 vietus
1089 488 1196 528 esset,
1215 488 1277 519 aut

108 540 224 576 aliena
241 539 368 576 virtute
390 539 544 575 vicisset.
599 539 683 577 Jam
702 539 729 575 si
752 537 1015 575 multitudinem
1034 538 1197 585 equitum
1216 548 1278 572 oc-

107 591 324 630 currentium
344 593 581 639 extimuisset,
607 593 731 629 victori
760 598 820 630 aut
847 591 949 628 foede
979 590 1198 639 fugiendum,
1219 595 1280 626 aut

107 645 352 684 miserabiliter
367 645 572 683 cadendum
592 646 669 683 suit.
724 645 783 682 Ne
798 646 911 683 duces
930 645 1075 694 quidem
1091 644 1278 693 copiarum

106 712 171 737 sua
190 699 296 736 laude
315 698 502 737 fraudandi
522 706 602 737 sunt
622 714 631 748 ς
660 700 794 750 quippe
822 700 983 744 vulnera,
1004 710 1097 747 quae
1125 697 1277 746 quisque

105 753 264 802 excepit,
292 754 424 790 indicia
459 753 596 790 virtutis
624 760 718 791 sunt.
776 752 1057 803 Hephaestionis
1090 749 1277 787 brachium

105 805 208 843 hasta
227 807 340 844 ictum
359 814 435 853 θεῖς
467 806 656 844 Perdiccas
675 819 720 844 ac
737 806 883 845 Coenos
900 812 935 844 et
955 805 1126 843 Menidas
1143 804 1276 852 sagittis

104 872 217 910 prope
236 862 359 900 occisi.
416 859 465 897 Et
492 863 518 899 si
540 873 622 898 vere
643 861 831 898 aestimare
852 859 1089 905 Macedonas,
1111 859 1170 908 qui
1191 864 1278 893 tunc.

103 920 216 960 erant,
237 915 417 966 vqlumus,
437 914 640 961 fatebimur,
668 922 703 951 et
731 927 846 964 regem
878 914 1005 951 talibus
1035 912 1216 956 ministris,
1244 917 1277 946 et

105 967 182 1004 ilios
196 974 295 1005 tanto
314 981 393 1017 rege
411 967 519 1006 fuisse
539 969 780 1017 dignissimos.
