<?xml version="1.0" encoding="UTF-8"?>
<!DOCTYPE html PUBLIC "-//W3C//DTD XHTML 1.0 Transitional//EN"
    "http://www.w3.org/TR/xhtml1/DTD/xhtml1-transitional.dtd">
<html xmlns="http://www.w3.org/1999/xhtml" xml:lang="en" lang="en">
 <head>
  <title>
</title>
<meta http-equiv="Content-Type" content="text/html;charset=utf-8" />
  <meta name='ocr-system' content='tesseract 3.04.00' />
  <meta name='ocr-capabilities' content='ocr_page ocr_carea ocr_par ocr_line ocrx_word'/>
</head>
<body>
  <div class='ocr_page' id='page_1' title='image "./curriculumlatinu01mont_0246.png"; bbox 0 0 1496 2671; ppageno 0'>
   <div class='ocr_carea' id='block_1_1' title="bbox 214 97 1085 139">
    <p class='ocr_par' dir='ltr' id='par_1_1' title="bbox 214 97 1085 139">
     <span class='ocr_line' id='line_1_1' title="bbox 214 97 1085 139; baseline 0.002 -4"><span class='ocrx_word' id='word_1_1' title='bbox 214 97 264 136; x_wconf 76' lang='lat'>16</span> <span class='ocrx_word' id='word_1_2' title='bbox 510 110 609 138; x_wconf 68' lang='lat' dir='ltr'>cuo</span> <span class='ocrx_word' id='word_1_3' title='bbox 627 109 759 137; x_wconf 65' lang='lat' dir='ltr'>mon</span> <span class='ocrx_word' id='word_1_4' title='bbox 777 109 829 136; x_wconf 77' lang='lat' dir='ltr'>DE</span> <span class='ocrx_word' id='word_1_5' title='bbox 848 108 1085 139; x_wconf 64' lang='lat' dir='ltr'>muncrum.</span> 
     </span>
    </p>
   </div>
   <div class='ocr_carea' id='block_1_2' title="bbox 191 205 1391 2401">
    <p class='ocr_par' dir='ltr' id='par_1_2' title="bbox 191 205 1391 2401">
     <span class='ocr_line' id='line_1_2' title="bbox 209 205 1391 256; baseline 0.003 -13"><span class='ocrx_word' id='word_1_6' title='bbox 209 205 278 243; x_wconf 84' lang='lat' dir='ltr'>hos</span> <span class='ocrx_word' id='word_1_7' title='bbox 296 205 486 255; x_wconf 86' lang='lat' dir='ltr'>significat</span> <span class='ocrx_word' id='word_1_8' title='bbox 503 205 689 252; x_wconf 87' lang='lat' dir='ltr'>credulos,</span> <span class='ocrx_word' id='word_1_9' title='bbox 709 206 920 254; x_wconf 86' lang='lat' dir='ltr'>obliviosos,</span> <span class='ocrx_word' id='word_1_10' title='bbox 940 205 1168 251; x_wconf 87' lang='lat' dir='ltr'>dissolutos;</span> <span class='ocrx_word' id='word_1_11' title='bbox 1196 218 1279 256; x_wconf 83' lang='lat' dir='ltr'>quae</span> <span class='ocrx_word' id='word_1_12' title='bbox 1299 207 1391 246; x_wconf 78' lang='lat' dir='ltr'>vitia</span> 
     </span>
     <span class='ocr_line' id='line_1_3' title="bbox 208 260 1386 309; baseline 0.003 -13"><span class='ocrx_word' id='word_1_13' title='bbox 208 264 297 297; x_wconf 89' lang='lat' dir='ltr'>sunt</span> <span class='ocrx_word' id='word_1_14' title='bbox 315 272 394 297; x_wconf 92' lang='lat' dir='ltr'>non</span> <span class='ocrx_word' id='word_1_15' title='bbox 420 260 637 305; x_wconf 81' lang='lat' dir='ltr'>senectutis,</span> <span class='ocrx_word' id='word_1_16' title='bbox 666 260 734 298; x_wconf 90' lang='lat' dir='ltr'>sed</span> <span class='ocrx_word' id='word_1_17' title='bbox 759 260 902 305; x_wconf 88' lang='lat' dir='ltr'>inertis,</span> <span class='ocrx_word' id='word_1_18' title='bbox 931 260 1090 309; x_wconf 87' lang='lat' dir='ltr'>ignavae,</span> <span class='ocrx_word' id='word_1_19' title='bbox 1128 261 1386 299; x_wconf 65' lang='lat' dir='ltr'>somniculosae</span> 
     </span>
     <span class='ocr_line' id='line_1_4' title="bbox 205 313 1388 363; baseline 0.002 -13"><span class='ocrx_word' id='word_1_20' title='bbox 205 314 424 351; x_wconf 76' lang='lat' dir='ltr'>senectutis.</span> <span class='ocrx_word' id='word_1_21' title='bbox 457 314 511 352; x_wconf 91' lang='lat' dir='ltr'>Ut</span> <span class='ocrx_word' id='word_1_22' title='bbox 530 313 749 363; x_wconf 82' lang='lat' dir='ltr'>petulantia,</span> <span class='ocrx_word' id='word_1_23' title='bbox 769 319 813 352; x_wconf 89' lang='lat' dir='ltr'>ut</span> <span class='ocrx_word' id='word_1_24' title='bbox 830 314 949 351; x_wconf 89' lang='lat' dir='ltr'>libido</span> <span class='ocrx_word' id='word_1_25' title='bbox 960 313 1078 362; x_wconf 85' lang='lat' dir='ltr'>magis</span> <span class='ocrx_word' id='word_1_26' title='bbox 1097 318 1154 351; x_wconf 90' lang='lat' dir='ltr'>est</span> <span class='ocrx_word' id='word_1_27' title='bbox 1171 314 1388 352; x_wconf 81' lang='lat' dir='ltr'>adolescen-</span> 
     </span>
     <span class='ocr_line' id='line_1_5' title="bbox 206 367 1382 416; baseline 0.001 -12"><span class='ocrx_word' id='word_1_28' title='bbox 206 367 311 411; x_wconf 88' lang='lat' dir='ltr'>tium,</span> <span class='ocrx_word' id='word_1_29' title='bbox 332 380 444 416; x_wconf 88' lang='lat' dir='ltr'>quam</span> <span class='ocrx_word' id='word_1_30' title='bbox 462 381 595 405; x_wconf 84' lang='lat' dir='ltr'>senum</span> <span class='ocrx_word' id='word_1_31' title='bbox 615 381 624 412; x_wconf 92' lang='lat'>;</span> <span class='ocrx_word' id='word_1_32' title='bbox 653 381 723 406; x_wconf 90' lang='lat' dir='ltr'>nec</span> <span class='ocrx_word' id='word_1_33' title='bbox 742 373 868 406; x_wconf 84' lang='lat' dir='ltr'>tamen</span> <span class='ocrx_word' id='word_1_34' title='bbox 887 367 1054 405; x_wconf 87' lang='lat' dir='ltr'>omnium</span> <span class='ocrx_word' id='word_1_35' title='bbox 1073 367 1382 412; x_wconf 87' lang='lat' dir='ltr'>adolescentium,</span> 
     </span>
     <span class='ocr_line' id='line_1_6' title="bbox 205 420 1387 470; baseline 0.003 -14"><span class='ocrx_word' id='word_1_36' title='bbox 205 420 271 457; x_wconf 80' lang='lat' dir='ltr'>sed</span> <span class='ocrx_word' id='word_1_37' title='bbox 292 433 367 457; x_wconf 89' lang='lat' dir='ltr'>non</span> <span class='ocrx_word' id='word_1_38' title='bbox 387 422 591 470; x_wconf 86' lang='lat' dir='ltr'>proborum</span> <span class='ocrx_word' id='word_1_39' title='bbox 610 435 619 466; x_wconf 93' lang='lat'>;</span> <span class='ocrx_word' id='word_1_40' title='bbox 649 422 700 459; x_wconf 88' lang='lat' dir='ltr'>sic</span> <span class='ocrx_word' id='word_1_41' title='bbox 720 422 791 459; x_wconf 85' lang='lat' dir='ltr'>ista</span> <span class='ocrx_word' id='word_1_42' title='bbox 810 421 936 458; x_wconf 82' lang='lat' dir='ltr'>senilis</span> <span class='ocrx_word' id='word_1_43' title='bbox 954 420 1126 465; x_wconf 87' lang='lat' dir='ltr'>stultitia,</span> <span class='ocrx_word' id='word_1_44' title='bbox 1147 433 1231 469; x_wconf 82' lang='lat' dir='ltr'>quae</span> <span class='ocrx_word' id='word_1_45' title='bbox 1251 422 1387 460; x_wconf 85' lang='lat' dir='ltr'>delira-</span> 
     </span>
     <span class='ocr_line' id='line_1_7' title="bbox 206 473 1387 523; baseline 0.003 -12"><span class='ocrx_word' id='word_1_46' title='bbox 206 473 261 511; x_wconf 85' lang='lat' dir='ltr'>tio</span> <span class='ocrx_word' id='word_1_47' title='bbox 281 475 460 523; x_wconf 85' lang='lat' dir='ltr'>appellari</span> <span class='ocrx_word' id='word_1_48' title='bbox 477 475 584 520; x_wconf 87' lang='lat' dir='ltr'>solet,</span> <span class='ocrx_word' id='word_1_49' title='bbox 600 488 729 512; x_wconf 87' lang='lat' dir='ltr'>senum</span> <span class='ocrx_word' id='word_1_50' title='bbox 748 475 886 512; x_wconf 82' lang='lat' dir='ltr'>levium</span> <span class='ocrx_word' id='word_1_51' title='bbox 904 480 972 519; x_wconf 90' lang='lat' dir='ltr'>est,</span> <span class='ocrx_word' id='word_1_52' title='bbox 993 486 1072 511; x_wconf 87' lang='lat' dir='ltr'>non</span> <span class='ocrx_word' id='word_1_53' title='bbox 1089 474 1265 513; x_wconf 89' lang='lat' dir='ltr'>omnium.</span> <span class='ocrx_word' id='word_1_54' title='bbox 1321 476 1387 514; x_wconf 87' lang='lat'>37.</span> 
     </span>
     <span class='ocr_line' id='line_1_8' title="bbox 205 527 1386 578; baseline 0.002 -14"><span class='ocrx_word' id='word_1_55' title='bbox 205 527 398 572; x_wconf 76' lang='lat' dir='ltr'>Quattuor</span> <span class='ocrx_word' id='word_1_56' title='bbox 416 529 590 566; x_wconf 80' lang='lat' dir='ltr'>robustos</span> <span class='ocrx_word' id='word_1_57' title='bbox 607 529 713 575; x_wconf 86' lang='lat' dir='ltr'>filios,</span> <span class='ocrx_word' id='word_1_58' title='bbox 734 529 901 578; x_wconf 88' lang='lat' dir='ltr'>quinque</span> <span class='ocrx_word' id='word_1_59' title='bbox 918 528 1024 571; x_wconf 74' lang='lat' dir='ltr'>filias,</span> <span class='ocrx_word' id='word_1_60' title='bbox 1044 532 1191 565; x_wconf 82' lang='lat' dir='ltr'>tantam</span> <span class='ocrx_word' id='word_1_61' title='bbox 1219 529 1386 574; x_wconf 87' lang='lat' dir='ltr'>domum,</span> 
     </span>
     <span class='ocr_line' id='line_1_9' title="bbox 203 581 1387 632; baseline 0.001 -14"><span class='ocrx_word' id='word_1_62' title='bbox 203 584 328 619; x_wconf 79' lang='lat' dir='ltr'>tantas</span> <span class='ocrx_word' id='word_1_63' title='bbox 348 581 540 620; x_wconf 82' lang='lat' dir='ltr'>clientelas</span> <span class='ocrx_word' id='word_1_64' title='bbox 559 582 707 632; x_wconf 89' lang='lat' dir='ltr'>Appius</span> <span class='ocrx_word' id='word_1_65' title='bbox 726 583 892 630; x_wconf 86' lang='lat' dir='ltr'>regebat,</span> <span class='ocrx_word' id='word_1_66' title='bbox 914 587 952 619; x_wconf 88' lang='lat' dir='ltr'>et</span> <span class='ocrx_word' id='word_1_67' title='bbox 971 593 1086 617; x_wconf 82' lang='lat' dir='ltr'>senex</span> <span class='ocrx_word' id='word_1_68' title='bbox 1104 585 1143 618; x_wconf 88' lang='lat' dir='ltr'>et</span> <span class='ocrx_word' id='word_1_69' title='bbox 1161 593 1293 620; x_wconf 87' lang='lat' dir='ltr'>caecus.</span> <span class='ocrx_word' id='word_1_70' title='bbox 1322 582 1387 619; x_wconf 89' lang='lat' dir='ltr'>In-</span> 
     </span>
     <span class='ocr_line' id='line_1_10' title="bbox 203 635 1388 684; baseline 0.002 -12"><span class='ocrx_word' id='word_1_71' title='bbox 203 638 353 672; x_wconf 88' lang='lat' dir='ltr'>tentum</span> <span class='ocrx_word' id='word_1_72' title='bbox 380 636 480 673; x_wconf 84' lang='lat' dir='ltr'>enim</span> <span class='ocrx_word' id='word_1_73' title='bbox 507 636 684 681; x_wconf 89' lang='lat' dir='ltr'>animum,</span> <span class='ocrx_word' id='word_1_74' title='bbox 714 642 893 684; x_wconf 84' lang='lat' dir='ltr'>tanquam</span> <span class='ocrx_word' id='word_1_75' title='bbox 930 647 1068 680; x_wconf 87' lang='lat' dir='ltr'>arcum,</span> <span class='ocrx_word' id='word_1_76' title='bbox 1106 635 1282 681; x_wconf 85' lang='lat' dir='ltr'>habebat,</span> <span class='ocrx_word' id='word_1_77' title='bbox 1317 648 1388 674; x_wconf 86' lang='lat' dir='ltr'>nec</span> 
     </span>
     <span class='ocr_line' id='line_1_11' title="bbox 202 688 1388 737; baseline 0.003 -13"><span class='ocrx_word' id='word_1_78' title='bbox 202 688 448 737; x_wconf 77' lang='lat' dir='ltr'>languescens</span> <span class='ocrx_word' id='word_1_79' title='bbox 467 690 732 727; x_wconf 84' lang='lat' dir='ltr'>succumbebat</span> <span class='ocrx_word' id='word_1_80' title='bbox 751 688 949 726; x_wconf 88' lang='lat' dir='ltr'>senectuti.</span> <span class='ocrx_word' id='word_1_81' title='bbox 989 688 1161 726; x_wconf 86' lang='lat' dir='ltr'>Tenebat</span> <span class='ocrx_word' id='word_1_82' title='bbox 1178 701 1256 726; x_wconf 90' lang='lat' dir='ltr'>non</span> <span class='ocrx_word' id='word_1_83' title='bbox 1274 689 1388 728; x_wconf 88' lang='lat' dir='ltr'>modo</span> 
     </span>
     <span class='ocr_line' id='line_1_12' title="bbox 204 741 1388 791; baseline 0.002 -12"><span class='ocrx_word' id='word_1_84' title='bbox 204 743 480 789; x_wconf 88' lang='lat' dir='ltr'>auctoritatem,</span> <span class='ocrx_word' id='word_1_85' title='bbox 511 743 576 780; x_wconf 89' lang='lat' dir='ltr'>sed</span> <span class='ocrx_word' id='word_1_86' title='bbox 596 743 709 780; x_wconf 85' lang='lat' dir='ltr'>etiam</span> <span class='ocrx_word' id='word_1_87' title='bbox 735 742 933 791; x_wconf 89' lang='lat' dir='ltr'>imperium</span> <span class='ocrx_word' id='word_1_88' title='bbox 959 741 998 778; x_wconf 90' lang='lat' dir='ltr'>in</span> <span class='ocrx_word' id='word_1_89' title='bbox 1027 754 1139 780; x_wconf 89' lang='lat' dir='ltr'>suos:</span> <span class='ocrx_word' id='word_1_90' title='bbox 1169 743 1388 782; x_wconf 85' lang='lat' dir='ltr'>metuebant</span> 
     </span>
     <span class='ocr_line' id='line_1_13' title="bbox 200 795 1384 845; baseline 0.003 -14"><span class='ocrx_word' id='word_1_91' title='bbox 200 795 309 840; x_wconf 87' lang='lat' dir='ltr'>servi,</span> <span class='ocrx_word' id='word_1_92' title='bbox 330 797 556 834; x_wconf 89' lang='lat' dir='ltr'>verebantur</span> <span class='ocrx_word' id='word_1_93' title='bbox 570 796 690 841; x_wconf 89' lang='lat' dir='ltr'>liberi,</span> <span class='ocrx_word' id='word_1_94' title='bbox 707 808 834 832; x_wconf 86' lang='lat' dir='ltr'>carum</span> <span class='ocrx_word' id='word_1_95' title='bbox 849 807 978 833; x_wconf 89' lang='lat' dir='ltr'>omnes</span> <span class='ocrx_word' id='word_1_96' title='bbox 996 795 1186 833; x_wconf 83' lang='lat' dir='ltr'>habebant</span> <span class='ocrx_word' id='word_1_97' title='bbox 1201 808 1211 833; x_wconf 74' lang='grc' dir='ltr'>ε</span> <span class='ocrx_word' id='word_1_98' title='bbox 1233 796 1384 845; x_wconf 79' lang='lat' dir='ltr'>vigebat</span> 
     </span>
     <span class='ocr_line' id='line_1_14' title="bbox 200 848 1387 899; baseline 0.002 -14"><span class='ocrx_word' id='word_1_99' title='bbox 200 848 240 885; x_wconf 87' lang='lat' dir='ltr'>in</span> <span class='ocrx_word' id='word_1_100' title='bbox 256 849 320 887; x_wconf 87' lang='lat' dir='ltr'>illa</span> <span class='ocrx_word' id='word_1_101' title='bbox 338 850 450 887; x_wconf 90' lang='lat' dir='ltr'>domo</span> <span class='ocrx_word' id='word_1_102' title='bbox 465 850 609 899; x_wconf 88' lang='lat' dir='ltr'>patrius</span> <span class='ocrx_word' id='word_1_103' title='bbox 627 862 706 886; x_wconf 90' lang='lat' dir='ltr'>mos</span> <span class='ocrx_word' id='word_1_104' title='bbox 721 854 758 887; x_wconf 90' lang='lat' dir='ltr'>et</span> <span class='ocrx_word' id='word_1_105' title='bbox 778 849 984 897; x_wconf 84' lang='lat' dir='ltr'>disciplina.</span> <span class='ocrx_word' id='word_1_106' title='bbox 1040 849 1107 886; x_wconf 89' lang='lat'>38.</span> <span class='ocrx_word' id='word_1_107' title='bbox 1138 849 1198 887; x_wconf 88' lang='lat' dir='ltr'>Ita</span> <span class='ocrx_word' id='word_1_108' title='bbox 1211 849 1311 887; x_wconf 90' lang='lat' dir='ltr'>enim</span> <span class='ocrx_word' id='word_1_109' title='bbox 1329 863 1387 887; x_wconf 89' lang='lat' dir='ltr'>se-</span> 
     </span>
     <span class='ocr_line' id='line_1_15' title="bbox 202 902 1386 952; baseline 0.002 -13"><span class='ocrx_word' id='word_1_110' title='bbox 202 910 333 940; x_wconf 85' lang='lat' dir='ltr'>nectus</span> <span class='ocrx_word' id='word_1_111' title='bbox 352 903 511 941; x_wconf 87' lang='lat' dir='ltr'>honesta</span> <span class='ocrx_word' id='word_1_112' title='bbox 538 910 607 948; x_wconf 86' lang='lat' dir='ltr'>est,</span> <span class='ocrx_word' id='word_1_113' title='bbox 627 903 658 940; x_wconf 88' lang='lat' dir='ltr'>si</span> <span class='ocrx_word' id='word_1_114' title='bbox 686 915 725 940; x_wconf 89' lang='lat' dir='ltr'>se</span> <span class='ocrx_word' id='word_1_115' title='bbox 743 903 824 952; x_wconf 88' lang='lat' dir='ltr'>ipsa</span> <span class='ocrx_word' id='word_1_116' title='bbox 851 902 1032 948; x_wconf 87' lang='lat' dir='ltr'>defendit,</span> <span class='ocrx_word' id='word_1_117' title='bbox 1053 903 1084 940; x_wconf 87' lang='lat' dir='ltr'>si</span> <span class='ocrx_word' id='word_1_118' title='bbox 1095 902 1162 952; x_wconf 88' lang='lat' dir='ltr'>jus</span> <span class='ocrx_word' id='word_1_119' title='bbox 1189 915 1299 940; x_wconf 86' lang='lat' dir='ltr'>suum</span> <span class='ocrx_word' id='word_1_120' title='bbox 1325 915 1386 942; x_wconf 90' lang='lat' dir='ltr'>re-</span> 
     </span>
     <span class='ocr_line' id='line_1_16' title="bbox 202 956 1385 1006; baseline 0.002 -14"><span class='ocrx_word' id='word_1_121' title='bbox 202 956 310 1001; x_wconf 87' lang='lat' dir='ltr'>tinet,</span> <span class='ocrx_word' id='word_1_122' title='bbox 331 956 362 993; x_wconf 88' lang='lat' dir='ltr'>si</span> <span class='ocrx_word' id='word_1_123' title='bbox 380 957 521 994; x_wconf 89' lang='lat' dir='ltr'>nemini</span> <span class='ocrx_word' id='word_1_124' title='bbox 548 957 781 1006; x_wconf 87' lang='lat' dir='ltr'>emancipata</span> <span class='ocrx_word' id='word_1_125' title='bbox 808 961 876 1001; x_wconf 81' lang='lat' dir='ltr'>est,</span> <span class='ocrx_word' id='word_1_126' title='bbox 906 956 937 993; x_wconf 89' lang='lat' dir='ltr'>si</span> <span class='ocrx_word' id='word_1_127' title='bbox 963 969 1081 1005; x_wconf 89' lang='lat' dir='ltr'>usque</span> <span class='ocrx_word' id='word_1_128' title='bbox 1100 956 1149 994; x_wconf 89' lang='lat' dir='ltr'>ad</span> <span class='ocrx_word' id='word_1_129' title='bbox 1176 960 1385 995; x_wconf 89' lang='lat' dir='ltr'>extremum</span> 
     </span>
     <span class='ocr_line' id='line_1_17' title="bbox 201 1009 1384 1057; baseline 0.003 -12"><span class='ocrx_word' id='word_1_130' title='bbox 201 1009 374 1057; x_wconf 85' lang='lat' dir='ltr'>spiritum</span> <span class='ocrx_word' id='word_1_131' title='bbox 393 1010 609 1048; x_wconf 86' lang='lat' dir='ltr'>dominatur</span> <span class='ocrx_word' id='word_1_132' title='bbox 628 1011 668 1047; x_wconf 90' lang='lat' dir='ltr'>in</span> <span class='ocrx_word' id='word_1_133' title='bbox 687 1023 784 1048; x_wconf 86' lang='lat' dir='ltr'>suos.</span> <span class='ocrx_word' id='word_1_134' title='bbox 844 1009 900 1048; x_wconf 92' lang='lat' dir='ltr'>Ut</span> <span class='ocrx_word' id='word_1_135' title='bbox 919 1010 1018 1047; x_wconf 91' lang='lat' dir='ltr'>enim</span> <span class='ocrx_word' id='word_1_136' title='bbox 1033 1010 1322 1056; x_wconf 78' lang='lat' dir='ltr'>adolescentem,</span> <span class='ocrx_word' id='word_1_137' title='bbox 1342 1010 1384 1048; x_wconf 90' lang='lat' dir='ltr'>in</span> 
     </span>
     <span class='ocr_line' id='line_1_18' title="bbox 201 1063 1386 1114; baseline 0.002 -14"><span class='ocrx_word' id='word_1_138' title='bbox 201 1076 276 1111; x_wconf 91' lang='lat' dir='ltr'>quo</span> <span class='ocrx_word' id='word_1_139' title='bbox 305 1064 421 1101; x_wconf 88' lang='lat' dir='ltr'>senile</span> <span class='ocrx_word' id='word_1_140' title='bbox 447 1064 615 1114; x_wconf 80' lang='lat' dir='ltr'>aliquid3</span> <span class='ocrx_word' id='word_1_141' title='bbox 647 1064 699 1102; x_wconf 86' lang='lat' dir='ltr'>sic</span> <span class='ocrx_word' id='word_1_142' title='bbox 729 1076 869 1109; x_wconf 89' lang='lat' dir='ltr'>senem,</span> <span class='ocrx_word' id='word_1_143' title='bbox 897 1063 937 1100; x_wconf 92' lang='lat' dir='ltr'>in</span> <span class='ocrx_word' id='word_1_144' title='bbox 957 1076 1033 1113; x_wconf 92' lang='lat' dir='ltr'>quo</span> <span class='ocrx_word' id='word_1_145' title='bbox 1052 1070 1109 1102; x_wconf 89' lang='lat' dir='ltr'>est</span> <span class='ocrx_word' id='word_1_146' title='bbox 1137 1064 1386 1102; x_wconf 87' lang='lat' dir='ltr'>adolescentis</span> 
     </span>
     <span class='ocr_line' id='line_1_19' title="bbox 202 1117 1385 1167; baseline 0.003 -14"><span class='ocrx_word' id='word_1_147' title='bbox 202 1117 354 1166; x_wconf 79' lang='lat' dir='ltr'>aliquid,</span> <span class='ocrx_word' id='word_1_148' title='bbox 385 1119 526 1167; x_wconf 83' lang='lat' dir='ltr'>probo:</span> <span class='ocrx_word' id='word_1_149' title='bbox 557 1118 659 1167; x_wconf 88' lang='lat' dir='ltr'>quod</span> <span class='ocrx_word' id='word_1_150' title='bbox 686 1118 750 1167; x_wconf 92' lang='lat' dir='ltr'>qui</span> <span class='ocrx_word' id='word_1_151' title='bbox 778 1117 957 1167; x_wconf 86' lang='lat' dir='ltr'>sequitur,</span> <span class='ocrx_word' id='word_1_152' title='bbox 987 1130 1144 1167; x_wconf 89' lang='lat' dir='ltr'>corpore</span> <span class='ocrx_word' id='word_1_153' title='bbox 1163 1130 1278 1155; x_wconf 83' lang='lat' dir='ltr'>senex</span> <span class='ocrx_word' id='word_1_154' title='bbox 1304 1130 1385 1156; x_wconf 88' lang='lat' dir='ltr'>esse</span> 
     </span>
     <span class='ocr_line' id='line_1_20' title="bbox 199 1170 1385 1221; baseline 0.002 -14"><span class='ocrx_word' id='word_1_155' title='bbox 199 1171 351 1218; x_wconf 87' lang='lat' dir='ltr'>poterit,</span> <span class='ocrx_word' id='word_1_156' title='bbox 373 1172 497 1209; x_wconf 83' lang='lat' dir='ltr'>animo</span> <span class='ocrx_word' id='word_1_157' title='bbox 516 1184 709 1221; x_wconf 90' lang='lat' dir='ltr'>nunquam</span> <span class='ocrx_word' id='word_1_158' title='bbox 729 1172 814 1209; x_wconf 90' lang='lat' dir='ltr'>erit.</span> <span class='ocrx_word' id='word_1_159' title='bbox 870 1170 1058 1219; x_wconf 89' lang='lat' dir='ltr'>Septimus</span> <span class='ocrx_word' id='word_1_160' title='bbox 1072 1171 1163 1208; x_wconf 89' lang='lat' dir='ltr'>mihi</span> <span class='ocrx_word' id='word_1_161' title='bbox 1183 1170 1385 1220; x_wconf 86' lang='lat' dir='ltr'>Originum</span> 
     </span>
     <span class='ocr_line' id='line_1_21' title="bbox 202 1224 1382 1273; baseline 0.003 -14"><span class='ocrx_word' id='word_1_162' title='bbox 202 1224 294 1261; x_wconf 88' lang='lat' dir='ltr'>liber</span> <span class='ocrx_word' id='word_1_163' title='bbox 331 1230 387 1262; x_wconf 86' lang='lat' dir='ltr'>est</span> <span class='ocrx_word' id='word_1_164' title='bbox 425 1225 464 1262; x_wconf 91' lang='lat' dir='ltr'>in</span> <span class='ocrx_word' id='word_1_165' title='bbox 491 1226 694 1270; x_wconf 89' lang='lat' dir='ltr'>manibus;</span> <span class='ocrx_word' id='word_1_166' title='bbox 724 1225 847 1262; x_wconf 89' lang='lat' dir='ltr'>omnia</span> <span class='ocrx_word' id='word_1_167' title='bbox 875 1224 1111 1273; x_wconf 84' lang='lat' dir='ltr'>antiquitatis</span> <span class='ocrx_word' id='word_1_168' title='bbox 1138 1229 1382 1263; x_wconf 79' lang='lat' dir='ltr'>monumenta</span> 
     </span>
     <span class='ocr_line' id='line_1_22' title="bbox 201 1277 1384 1327; baseline 0.002 -13"><span class='ocrx_word' id='word_1_169' title='bbox 201 1278 336 1327; x_wconf 86' lang='lat' dir='ltr'>colligo</span> <span class='ocrx_word' id='word_1_170' title='bbox 351 1292 359 1316; x_wconf 94' lang='lat'><strong>:</strong></span> <span class='ocrx_word' id='word_1_171' title='bbox 391 1291 603 1316; x_wconf 83' lang='lat' dir='ltr'>caussarum</span> <span class='ocrx_word' id='word_1_172' title='bbox 623 1279 835 1323; x_wconf 84' lang='lat' dir='ltr'>illustrium,</span> <span class='ocrx_word' id='word_1_173' title='bbox 852 1290 1094 1327; x_wconf 87' lang='lat' dir='ltr'>quascunque</span> <span class='ocrx_word' id='word_1_174' title='bbox 1105 1277 1268 1323; x_wconf 85' lang='lat' dir='ltr'>defendi,</span> <span class='ocrx_word' id='word_1_175' title='bbox 1282 1290 1384 1316; x_wconf 87' lang='lat' dir='ltr'>nunc</span> 
     </span>
     <span class='ocr_line' id='line_1_23' title="bbox 200 1330 1382 1380; baseline 0.001 -12"><span class='ocrx_word' id='word_1_176' title='bbox 200 1344 316 1380; x_wconf 87' lang='lat' dir='ltr'>quum</span> <span class='ocrx_word' id='word_1_177' title='bbox 336 1332 497 1369; x_wconf 82' lang='lat' dir='ltr'>maxime</span> <span class='ocrx_word' id='word_1_178' title='bbox 512 1332 671 1369; x_wconf 90' lang='lat' dir='ltr'>conficio</span> <span class='ocrx_word' id='word_1_179' title='bbox 690 1332 878 1370; x_wconf 88' lang='lat' dir='ltr'>orationes</span> <span class='ocrx_word' id='word_1_180' title='bbox 894 1344 902 1369; x_wconf 74' lang='grc' dir='ltr'><strong><em>ε</em></strong></span> <span class='ocrx_word' id='word_1_181' title='bbox 927 1330 992 1379; x_wconf 87' lang='lat' dir='ltr'>jus</span> <span class='ocrx_word' id='word_1_182' title='bbox 1011 1343 1209 1379; x_wconf 87' lang='lat' dir='ltr'>augurum,</span> <span class='ocrx_word' id='word_1_183' title='bbox 1230 1331 1382 1380; x_wconf 85' lang='lat' dir='ltr'>pontifi-</span> 
     </span>
     <span class='ocr_line' id='line_1_24' title="bbox 199 1384 1381 1430; baseline 0.002 -9"><span class='ocrx_word' id='word_1_184' title='bbox 199 1398 296 1430; x_wconf 88' lang='lat' dir='ltr'>cum,</span> <span class='ocrx_word' id='word_1_185' title='bbox 316 1385 424 1422; x_wconf 88' lang='lat' dir='ltr'>civile</span> <span class='ocrx_word' id='word_1_186' title='bbox 443 1390 564 1424; x_wconf 86' lang='lat' dir='ltr'>tracto</span> <span class='ocrx_word' id='word_1_187' title='bbox 585 1399 594 1423; x_wconf 71' lang='grc' dir='ltr'>ε</span> <span class='ocrx_word' id='word_1_188' title='bbox 624 1385 783 1423; x_wconf 70' lang='lat' dir='ltr'>multum</span> <span class='ocrx_word' id='word_1_189' title='bbox 804 1385 918 1422; x_wconf 84' lang='lat' dir='ltr'>etiam</span> <span class='ocrx_word' id='word_1_190' title='bbox 949 1384 1092 1422; x_wconf 83' lang='lat' dir='ltr'>Graecis</span> <span class='ocrx_word' id='word_1_191' title='bbox 1110 1385 1247 1422; x_wconf 88' lang='lat' dir='ltr'>litteris</span> <span class='ocrx_word' id='word_1_192' title='bbox 1266 1390 1381 1430; x_wconf 88' lang='lat' dir='ltr'>ut0r;</span> 
     </span>
     <span class='ocr_line' id='line_1_25' title="bbox 199 1437 1382 1488; baseline 0.003 -14"><span class='ocrx_word' id='word_1_193' title='bbox 199 1437 599 1488; x_wconf 81' lang='lat' dir='ltr'>Pythagoreorumque</span> <span class='ocrx_word' id='word_1_194' title='bbox 626 1451 729 1476; x_wconf 89' lang='lat' dir='ltr'>more</span> <span class='ocrx_word' id='word_1_195' title='bbox 765 1437 984 1476; x_wconf 84' lang='lat' dir='ltr'>exercendae</span> <span class='ocrx_word' id='word_1_196' title='bbox 1021 1438 1209 1475; x_wconf 81' lang='lat' dir='ltr'>memoriae</span> <span class='ocrx_word' id='word_1_197' title='bbox 1245 1439 1382 1488; x_wconf 61' lang='lat' dir='ltr'>gratia,</span> 
     </span>
     <span class='ocr_line' id='line_1_26' title="bbox 195 1491 1379 1542; baseline 0.002 -14"><span class='ocrx_word' id='word_1_198' title='bbox 195 1492 287 1541; x_wconf 89' lang='lat' dir='ltr'>quid</span> <span class='ocrx_word' id='word_1_199' title='bbox 307 1505 456 1542; x_wconf 89' lang='lat' dir='ltr'>quoque</span> <span class='ocrx_word' id='word_1_200' title='bbox 475 1493 538 1530; x_wconf 89' lang='lat' dir='ltr'>die</span> <span class='ocrx_word' id='word_1_201' title='bbox 555 1492 726 1537; x_wconf 81' lang='lat' dir='ltr'>dixerim,</span> <span class='ocrx_word' id='word_1_202' title='bbox 748 1492 942 1537; x_wconf 86' lang='lat' dir='ltr'>audierim,</span> <span class='ocrx_word' id='word_1_203' title='bbox 959 1491 1112 1540; x_wconf 86' lang='lat' dir='ltr'>egerim,</span> <span class='ocrx_word' id='word_1_204' title='bbox 1127 1504 1379 1530; x_wconf 86' lang='lat' dir='ltr'>commemoro</span> 
     </span>
     <span class='ocr_line' id='line_1_27' title="bbox 197 1545 1381 1595; baseline 0.001 -13"><span class='ocrx_word' id='word_1_205' title='bbox 197 1546 352 1595; x_wconf 86' lang='lat' dir='ltr'>vesperi.</span> <span class='ocrx_word' id='word_1_206' title='bbox 409 1546 482 1583; x_wconf 80' lang='lat' dir='ltr'>Hae</span> <span class='ocrx_word' id='word_1_207' title='bbox 502 1551 592 1584; x_wconf 88' lang='lat' dir='ltr'>sunt</span> <span class='ocrx_word' id='word_1_208' title='bbox 619 1546 907 1584; x_wconf 80' lang='lat' dir='ltr'>exercitationes</span> <span class='ocrx_word' id='word_1_209' title='bbox 925 1545 1079 1594; x_wconf 88' lang='lat' dir='ltr'>ingenii,</span> <span class='ocrx_word' id='word_1_210' title='bbox 1099 1545 1181 1583; x_wconf 82' lang='lat' dir='ltr'>haec</span> <span class='ocrx_word' id='word_1_211' title='bbox 1195 1545 1381 1583; x_wconf 83' lang='lat' dir='ltr'>curricula</span> 
     </span>
     <span class='ocr_line' id='line_1_28' title="bbox 196 1599 1378 1649; baseline 0.002 -13"><span class='ocrx_word' id='word_1_212' title='bbox 196 1600 332 1637; x_wconf 88' lang='lat' dir='ltr'>mentis</span> <span class='ocrx_word' id='word_1_213' title='bbox 352 1613 361 1637; x_wconf 75' lang='lat' dir='ltr'>z</span> <span class='ocrx_word' id='word_1_214' title='bbox 391 1600 431 1637; x_wconf 89' lang='lat' dir='ltr'>in</span> <span class='ocrx_word' id='word_1_215' title='bbox 449 1600 507 1637; x_wconf 89' lang='lat' dir='ltr'>his</span> <span class='ocrx_word' id='word_1_216' title='bbox 526 1600 715 1638; x_wconf 85' lang='lat' dir='ltr'>desudans</span> <span class='ocrx_word' id='word_1_217' title='bbox 734 1606 849 1649; x_wconf 86' lang='lat' dir='ltr'>atque</span> <span class='ocrx_word' id='word_1_218' title='bbox 868 1599 1075 1641; x_wconf 86' lang='lat' dir='ltr'>elaborans,</span> <span class='ocrx_word' id='word_1_219' title='bbox 1097 1599 1262 1649; x_wconf 86' lang='lat' dir='ltr'>corporis</span> <span class='ocrx_word' id='word_1_220' title='bbox 1282 1599 1378 1638; x_wconf 86' lang='lat' dir='ltr'>vires</span> 
     </span>
     <span class='ocr_line' id='line_1_29' title="bbox 196 1652 1381 1703; baseline 0 -13"><span class='ocrx_word' id='word_1_221' title='bbox 196 1665 273 1691; x_wconf 86' lang='lat' dir='ltr'>non</span> <span class='ocrx_word' id='word_1_222' title='bbox 309 1666 537 1703; x_wconf 80' lang='lat' dir='ltr'>magnopere</span> <span class='ocrx_word' id='word_1_223' title='bbox 573 1654 757 1691; x_wconf 84' lang='lat' dir='ltr'>desidero.</span> <span class='ocrx_word' id='word_1_224' title='bbox 815 1653 962 1690; x_wconf 84' lang='lat' dir='ltr'>Adsum</span> <span class='ocrx_word' id='word_1_225' title='bbox 999 1653 1151 1690; x_wconf 82' lang='lat' dir='ltr'>amicis:</span> <span class='ocrx_word' id='word_1_226' title='bbox 1194 1652 1305 1690; x_wconf 87' lang='lat' dir='ltr'>venio</span> <span class='ocrx_word' id='word_1_227' title='bbox 1339 1652 1381 1690; x_wconf 87' lang='lat' dir='ltr'>iu</span> 
     </span>
     <span class='ocr_line' id='line_1_30' title="bbox 195 1706 1381 1757; baseline 0 -13"><span class='ocrx_word' id='word_1_228' title='bbox 195 1706 376 1745; x_wconf 87' lang='lat' dir='ltr'>Senatum</span> <span class='ocrx_word' id='word_1_229' title='bbox 403 1707 589 1757; x_wconf 85' lang='lat' dir='ltr'>frequens,</span> <span class='ocrx_word' id='word_1_230' title='bbox 619 1708 794 1756; x_wconf 91' lang='lat' dir='ltr'>ultroque</span> <span class='ocrx_word' id='word_1_231' title='bbox 822 1707 936 1744; x_wconf 82' lang='lat' dir='ltr'>affero</span> <span class='ocrx_word' id='word_1_232' title='bbox 972 1718 1032 1744; x_wconf 88' lang='lat' dir='ltr'>res</span> <span class='ocrx_word' id='word_1_233' title='bbox 1058 1706 1220 1744; x_wconf 76' lang='lat' dir='ltr'>multum</span> <span class='ocrx_word' id='word_1_234' title='bbox 1249 1712 1287 1744; x_wconf 91' lang='lat' dir='ltr'>et</span> <span class='ocrx_word' id='word_1_235' title='bbox 1315 1706 1381 1744; x_wconf 84' lang='lat' dir='ltr'>diu</span> 
     </span>
     <span class='ocr_line' id='line_1_31' title="bbox 195 1759 1379 1811; baseline -0.003 -13"><span class='ocrx_word' id='word_1_236' title='bbox 195 1761 391 1809; x_wconf 85' lang='lat' dir='ltr'>cogitatas,</span> <span class='ocrx_word' id='word_1_237' title='bbox 428 1774 565 1811; x_wconf 88' lang='lat' dir='ltr'>easque</span> <span class='ocrx_word' id='word_1_238' title='bbox 601 1767 710 1799; x_wconf 88' lang='lat' dir='ltr'>tueor</span> <span class='ocrx_word' id='word_1_239' title='bbox 747 1761 872 1806; x_wconf 90' lang='lat' dir='ltr'>animi,</span> <span class='ocrx_word' id='word_1_240' title='bbox 909 1772 987 1797; x_wconf 89' lang='lat' dir='ltr'>non</span> <span class='ocrx_word' id='word_1_241' title='bbox 1023 1760 1189 1809; x_wconf 88' lang='lat' dir='ltr'>corporis</span> <span class='ocrx_word' id='word_1_242' title='bbox 1225 1759 1379 1797; x_wconf 89' lang='lat' dir='ltr'>viribus.</span> 
     </span>
     <span class='ocr_line' id='line_1_32' title="bbox 197 1812 1379 1865; baseline 0.001 -14"><span class='ocrx_word' id='word_1_243' title='bbox 197 1814 292 1859; x_wconf 78' lang='lat' dir='ltr'>Quae</span> <span class='ocrx_word' id='word_1_244' title='bbox 312 1815 343 1852; x_wconf 89' lang='lat' dir='ltr'>si</span> <span class='ocrx_word' id='word_1_245' title='bbox 362 1817 515 1864; x_wconf 80' lang='lat' dir='ltr'>exsequi</span> <span class='ocrx_word' id='word_1_246' title='bbox 532 1816 738 1865; x_wconf 87' lang='lat' dir='ltr'>nequirem,</span> <span class='ocrx_word' id='word_1_247' title='bbox 758 1820 885 1852; x_wconf 90' lang='lat' dir='ltr'>tamen</span> <span class='ocrx_word' id='word_1_248' title='bbox 904 1826 963 1851; x_wconf 90' lang='lat' dir='ltr'>me</span> <span class='ocrx_word' id='word_1_249' title='bbox 981 1813 1141 1851; x_wconf 88' lang='lat' dir='ltr'>lectulus</span> <span class='ocrx_word' id='word_1_250' title='bbox 1168 1812 1379 1852; x_wconf 83' lang='lat' dir='ltr'>oblectaret</span> 
     </span>
     <span class='ocr_line' id='line_1_33' title="bbox 195 1867 1377 1918; baseline -0.001 -13"><span class='ocrx_word' id='word_1_251' title='bbox 195 1880 311 1914; x_wconf 88' lang='lat' dir='ltr'>meus,</span> <span class='ocrx_word' id='word_1_252' title='bbox 332 1881 376 1906; x_wconf 90' lang='lat' dir='ltr'>ea</span> <span class='ocrx_word' id='word_1_253' title='bbox 393 1870 475 1918; x_wconf 87' lang='lat' dir='ltr'>ipsa</span> <span class='ocrx_word' id='word_1_254' title='bbox 494 1869 735 1918; x_wconf 80' lang='lat' dir='ltr'>cogitantem,</span> <span class='ocrx_word' id='word_1_255' title='bbox 765 1879 848 1917; x_wconf 81' lang='lat' dir='ltr'>quae</span> <span class='ocrx_word' id='word_1_256' title='bbox 862 1867 943 1917; x_wconf 84' lang='lat' dir='ltr'>jam</span> <span class='ocrx_word' id='word_1_257' title='bbox 961 1879 1074 1916; x_wconf 83' lang='lat' dir='ltr'>agere</span> <span class='ocrx_word' id='word_1_258' title='bbox 1093 1879 1171 1903; x_wconf 91' lang='lat' dir='ltr'>non</span> <span class='ocrx_word' id='word_1_259' title='bbox 1199 1878 1345 1915; x_wconf 88' lang='lat' dir='ltr'>possem</span> <span class='ocrx_word' id='word_1_260' title='bbox 1367 1880 1377 1904; x_wconf 78' lang='lat' dir='ltr'><em>z</em></span> 
     </span>
     <span class='ocr_line' id='line_1_34' title="bbox 193 1919 1378 1972; baseline 0 -14"><span class='ocrx_word' id='word_1_261' title='bbox 193 1921 259 1959; x_wconf 87' lang='lat' dir='ltr'>sed</span> <span class='ocrx_word' id='word_1_262' title='bbox 295 1928 339 1961; x_wconf 90' lang='lat' dir='ltr'>ut</span> <span class='ocrx_word' id='word_1_263' title='bbox 376 1923 525 1972; x_wconf 89' lang='lat' dir='ltr'>possim,</span> <span class='ocrx_word' id='word_1_264' title='bbox 553 1923 643 1961; x_wconf 88' lang='lat' dir='ltr'>facit</span> <span class='ocrx_word' id='word_1_265' title='bbox 669 1927 754 1960; x_wconf 86' lang='lat' dir='ltr'>acta</span> <span class='ocrx_word' id='word_1_266' title='bbox 782 1922 870 1959; x_wconf 87' lang='lat' dir='ltr'>vita.</span> <span class='ocrx_word' id='word_1_267' title='bbox 926 1920 1080 1969; x_wconf 88' lang='lat' dir='ltr'>Semper</span> <span class='ocrx_word' id='word_1_268' title='bbox 1116 1920 1215 1957; x_wconf 90' lang='lat' dir='ltr'>enim</span> <span class='ocrx_word' id='word_1_269' title='bbox 1252 1919 1294 1956; x_wconf 90' lang='lat' dir='ltr'>in</span> <span class='ocrx_word' id='word_1_270' title='bbox 1320 1920 1378 1958; x_wconf 83' lang='lat' dir='ltr'>his</span> 
     </span>
     <span class='ocr_line' id='line_1_35' title="bbox 193 1973 1378 2026; baseline 0 -14"><span class='ocrx_word' id='word_1_271' title='bbox 193 1975 328 2013; x_wconf 79' lang='lat' dir='ltr'>studiis</span> <span class='ocrx_word' id='word_1_272' title='bbox 364 1976 630 2026; x_wconf 88' lang='lat' dir='ltr'>laboribusque</span> <span class='ocrx_word' id='word_1_273' title='bbox 665 1975 807 2013; x_wconf 89' lang='lat' dir='ltr'>viventi</span> <span class='ocrx_word' id='word_1_274' title='bbox 843 1987 921 2012; x_wconf 91' lang='lat' dir='ltr'>non</span> <span class='ocrx_word' id='word_1_275' title='bbox 958 1974 1194 2022; x_wconf 85' lang='lat' dir='ltr'>intelligitur,</span> <span class='ocrx_word' id='word_1_276' title='bbox 1225 1973 1378 2022; x_wconf 88' lang='lat' dir='ltr'>quando</span> 
     </span>
     <span class='ocr_line' id='line_1_36' title="bbox 193 2027 1376 2079; baseline -0.001 -13"><span class='ocrx_word' id='word_1_277' title='bbox 193 2029 350 2079; x_wconf 90' lang='lat' dir='ltr'>obrepat</span> <span class='ocrx_word' id='word_1_278' title='bbox 368 2035 552 2068; x_wconf 88' lang='lat' dir='ltr'>senectus.</span> <span class='ocrx_word' id='word_1_279' title='bbox 610 2030 670 2068; x_wconf 87' lang='lat' dir='ltr'>Ita</span> <span class='ocrx_word' id='word_1_280' title='bbox 687 2029 823 2067; x_wconf 88' lang='lat' dir='ltr'>sensim</span> <span class='ocrx_word' id='word_1_281' title='bbox 842 2028 922 2066; x_wconf 90' lang='lat' dir='ltr'>sine</span> <span class='ocrx_word' id='word_1_282' title='bbox 940 2040 1050 2065; x_wconf 84' lang='lat' dir='ltr'>sensu</span> <span class='ocrx_word' id='word_1_283' title='bbox 1069 2033 1160 2065; x_wconf 82' lang='lat' dir='ltr'>aetas</span> <span class='ocrx_word' id='word_1_284' title='bbox 1187 2027 1345 2066; x_wconf 83' lang='lat' dir='ltr'>senescit</span> <span class='ocrx_word' id='word_1_285' title='bbox 1367 2040 1376 2072; x_wconf 89' lang='lat'>;</span> 
     </span>
     <span class='ocr_line' id='line_1_37' title="bbox 191 2081 1269 2133; baseline -0.003 -13"><span class='ocrx_word' id='word_1_286' title='bbox 191 2094 261 2120; x_wconf 85' lang='lat' dir='ltr'>nec</span> <span class='ocrx_word' id='word_1_287' title='bbox 280 2084 406 2121; x_wconf 87' lang='lat' dir='ltr'>subito</span> <span class='ocrx_word' id='word_1_288' title='bbox 423 2084 622 2133; x_wconf 74' lang='lat' dir='ltr'>frangitur,</span> <span class='ocrx_word' id='word_1_289' title='bbox 644 2083 710 2121; x_wconf 89' lang='lat' dir='ltr'>sed</span> <span class='ocrx_word' id='word_1_290' title='bbox 729 2082 980 2120; x_wconf 88' lang='lat' dir='ltr'>diuturnitate</span> <span class='ocrx_word' id='word_1_291' title='bbox 999 2081 1269 2130; x_wconf 81' lang='lat' dir='ltr'>exstinguitur.</span> 
     </span>
     <span class='ocr_line' id='line_1_38' title="bbox 246 2133 1376 2187; baseline -0.001 -15"><span class='ocrx_word' id='word_1_292' title='bbox 246 2135 337 2173; x_wconf 90' lang='lat' dir='ltr'>XII.</span> <span class='ocrx_word' id='word_1_293' title='bbox 366 2137 433 2176; x_wconf 85' lang='lat'>39.</span> <span class='ocrx_word' id='word_1_294' title='bbox 463 2137 642 2187; x_wconf 88' lang='lat' dir='ltr'>Sequitur</span> <span class='ocrx_word' id='word_1_295' title='bbox 660 2136 772 2175; x_wconf 87' lang='lat' dir='ltr'>tertia</span> <span class='ocrx_word' id='word_1_296' title='bbox 790 2135 1017 2185; x_wconf 87' lang='lat' dir='ltr'>vituperatio</span> <span class='ocrx_word' id='word_1_297' title='bbox 1037 2134 1253 2180; x_wconf 86' lang='lat' dir='ltr'>senectutis,</span> <span class='ocrx_word' id='word_1_298' title='bbox 1274 2133 1376 2183; x_wconf 90' lang='lat' dir='ltr'>quod</span> 
     </span>
     <span class='ocr_line' id='line_1_39' title="bbox 193 2188 1376 2240; baseline -0.003 -13"><span class='ocrx_word' id='word_1_299' title='bbox 193 2201 275 2227; x_wconf 85' lang='lat' dir='ltr'>eam</span> <span class='ocrx_word' id='word_1_300' title='bbox 294 2202 420 2228; x_wconf 88' lang='lat' dir='ltr'>carere</span> <span class='ocrx_word' id='word_1_301' title='bbox 448 2191 581 2229; x_wconf 84' lang='lat' dir='ltr'>dicunt</span> <span class='ocrx_word' id='word_1_302' title='bbox 608 2189 878 2240; x_wconf 87' lang='lat' dir='ltr'>voluptatibus.</span> <span class='ocrx_word' id='word_1_303' title='bbox 938 2188 973 2227; x_wconf 93' lang='lat' dir='ltr'>O</span> <span class='ocrx_word' id='word_1_304' title='bbox 990 2188 1211 2238; x_wconf 89' lang='lat' dir='ltr'>praeclarum</span> <span class='ocrx_word' id='word_1_305' title='bbox 1237 2200 1376 2225; x_wconf 82' lang='lat' dir='ltr'>munus</span> 
     </span>
     <span class='ocr_line' id='line_1_40' title="bbox 193 2241 1374 2293; baseline -0.001 -14"><span class='ocrx_word' id='word_1_306' title='bbox 193 2242 327 2289; x_wconf 81' lang='lat' dir='ltr'>aetatis,</span> <span class='ocrx_word' id='word_1_307' title='bbox 347 2243 377 2281; x_wconf 89' lang='lat' dir='ltr'>si</span> <span class='ocrx_word' id='word_1_308' title='bbox 395 2244 548 2293; x_wconf 90' lang='lat' dir='ltr'>quidem</span> <span class='ocrx_word' id='word_1_309' title='bbox 566 2244 606 2281; x_wconf 88' lang='lat' dir='ltr'>id</span> <span class='ocrx_word' id='word_1_310' title='bbox 624 2244 747 2282; x_wconf 88' lang='lat' dir='ltr'>aufert</span> <span class='ocrx_word' id='word_1_311' title='bbox 766 2243 886 2287; x_wconf 90' lang='lat' dir='ltr'>nobis,</span> <span class='ocrx_word' id='word_1_312' title='bbox 905 2243 1008 2292; x_wconf 86' lang='lat' dir='ltr'>quod</span> <span class='ocrx_word' id='word_1_313' title='bbox 1023 2247 1080 2280; x_wconf 86' lang='lat' dir='ltr'>est</span> <span class='ocrx_word' id='word_1_314' title='bbox 1098 2242 1139 2279; x_wconf 89' lang='lat' dir='ltr'>in</span> <span class='ocrx_word' id='word_1_315' title='bbox 1158 2241 1374 2279; x_wconf 85' lang='lat' dir='ltr'>adolescen-</span> 
     </span>
     <span class='ocr_line' id='line_1_41' title="bbox 193 2295 1372 2346; baseline -0.003 -12"><span class='ocrx_word' id='word_1_316' title='bbox 193 2296 247 2334; x_wconf 86' lang='lat' dir='ltr'>tia</span> <span class='ocrx_word' id='word_1_317' title='bbox 274 2297 579 2337; x_wconf 76' lang='lat' dir='ltr'>vitiosissimum!</span> <span class='ocrx_word' id='word_1_318' title='bbox 620 2297 793 2346; x_wconf 87' lang='lat' dir='ltr'>Accipite</span> <span class='ocrx_word' id='word_1_319' title='bbox 820 2297 933 2341; x_wconf 88' lang='lat' dir='ltr'>enim,</span> <span class='ocrx_word' id='word_1_320' title='bbox 955 2295 1087 2345; x_wconf 88' lang='lat' dir='ltr'>optimi</span> <span class='ocrx_word' id='word_1_321' title='bbox 1106 2295 1372 2338; x_wconf 81' lang='lat' dir='ltr'>adolescentes,</span> 
     </span>
     <span class='ocr_line' id='line_1_42' title="bbox 192 2347 1372 2401; baseline -0.003 -14"><span class='ocrx_word' id='word_1_322' title='bbox 192 2354 356 2388; x_wconf 78' lang='lat' dir='ltr'>veterem</span> <span class='ocrx_word' id='word_1_323' title='bbox 376 2351 584 2390; x_wconf 89' lang='lat' dir='ltr'>orationem</span> <span class='ocrx_word' id='word_1_324' title='bbox 602 2351 783 2401; x_wconf 82' lang='lat' dir='ltr'>Archytae</span> <span class='ocrx_word' id='word_1_325' title='bbox 804 2350 1012 2396; x_wconf 87' lang='lat' dir='ltr'>Tarentini,</span> <span class='ocrx_word' id='word_1_326' title='bbox 1032 2349 1159 2399; x_wconf 85' lang='lat' dir='ltr'>magni</span> <span class='ocrx_word' id='word_1_327' title='bbox 1177 2349 1216 2385; x_wconf 91' lang='lat' dir='ltr'>in</span> <span class='ocrx_word' id='word_1_328' title='bbox 1244 2347 1372 2398; x_wconf 79' lang='lat' dir='ltr'>primis</span> 
     </span>
    </p>
   </div>
  </div>
 </body>
</html>
