1496 2671
231 140 281 177 68
527 139 719 185 QUINTI
748 139 935 178 CURTII
963 140 1094 178 RUFI

235 261 317 285 rum
335 247 483 296 ungulis
510 252 676 297 possunt,
697 247 839 286 etiamsi
857 248 910 285 nil
928 253 1074 298 praeter
1092 248 1244 287 falcatos
1263 260 1391 288 currus

235 302 402 339 emisero.
459 301 510 338 Et
528 301 626 338 bello
645 301 849 347 vicerimus,
871 302 900 339 si
919 303 1096 340 vincimus
1114 303 1253 352 praelio
1269 316 1278 347 ;
1305 316 1392 341 nam

235 368 282 393 ne
308 355 380 392 illis
408 355 555 404 quidem
584 355 632 392 ad
661 355 788 404 fugam
815 356 917 393 locus
949 361 1027 393 est:
1057 356 1144 394 hinc
1171 356 1391 406 Euphrates,

234 409 335 446 illine
363 408 486 457 Tigris
504 409 675 457 prohibet
701 409 872 446 inclusos.
932 409 981 447 Et
1000 421 1092 457 quae
1110 415 1220 449 antea
1237 422 1305 459 pro
1322 410 1394 448 illis

235 467 354 507 erant,
382 462 422 498 in
449 463 673 500 contrarium
697 475 802 499 versa
828 467 928 500 sunt.
984 463 1163 501 Nostrum
1195 463 1331 501 mobile
1357 468 1395 502 et

234 516 449 566 expeditum
486 529 618 565 agmen
645 521 710 561 est,
744 516 838 553 illud
864 516 998 565 praeda
1023 529 1164 565 grave3
1191 517 1397 566 implicatos

235 583 324 619 ergo
344 570 468 619 spoliis
486 570 621 608 nostris
636 570 922 613 trueidabimus3
944 570 1144 619 eademque
1157 583 1215 608 res
1234 576 1271 609 et
1289 584 1398 609 causa

236 624 410 661 victoriae
424 623 494 660 erit
513 629 551 661 et
568 624 723 661 fructus.
782 623 894 668 Quod
913 624 942 660 si
960 636 1069 673 quem
1096 637 1116 660 e
1142 625 1245 662 vobis
1262 637 1397 663 nomen

236 678 359 726 gentis
374 683 497 715 movet
513 691 521 721 ;
552 678 702 726 cogitet,
725 677 974 713 Macedonum
993 677 1067 713 illic
1086 690 1187 715 arma
1205 691 1293 725 esse,
1321 691 1396 715 non

237 744 391 781 corpora
410 745 418 776 3
448 731 606 769 multum
626 731 723 768 enim
744 730 933 778 sanguinis
960 730 1116 768 invicem
1135 731 1331 778 hausimus,
1361 737 1397 770 et

236 797 378 834 semper
396 785 545 834 gravior
562 785 600 820 in
620 784 805 834 paucitate
821 784 970 832 jactura
988 789 1056 822 est.
1110 785 1208 822 Nam
1238 786 1399 823 Alexan-

237 840 313 884 der,
352 843 672 887 quantuscumque
703 838 847 886 ignavis
874 843 912 875 et
947 838 1086 875 timidis
1112 838 1230 875 videri
1264 845 1399 889 potest,

238 905 352 930 unum
372 892 506 928 animal
526 898 581 929 est
601 905 609 935 ;
639 896 687 936 et,
709 892 739 928 si
757 891 847 940 quid
867 891 956 928 mihi
974 891 1136 938 creditis,
1155 893 1392 930 temerarium

237 952 275 984 et
294 958 432 990 vecors,
453 945 573 982 adhuc
593 952 720 982 nostro
748 957 894 994 pavore,
922 957 1031 993 quam
1059 958 1124 983 sua
1149 946 1286 984 virtute
1321 946 1401 984 feli-

239 1002 327 1037 cius.
382 999 488 1036 Nihil
501 1004 623 1036 autem
638 1005 762 1048 potest
777 1011 855 1035 esse
873 999 1102 1045 diuturnum,
1115 999 1174 1036 eui
1187 1012 1264 1036 non
1278 999 1403 1037 subest

239 1055 346 1092 ratio.
401 1053 508 1090 Licet
527 1053 681 1090 felicitas
700 1053 887 1102 adspirare
907 1053 1087 1098 videatur,
1107 1060 1231 1091 tamen
1250 1053 1297 1090 ad
1316 1053 1404 1091 ulti-

239 1121 339 1144 mum
359 1100 653 1145 temeritati'non
682 1107 837 1143 suffieit...
882 1106 1078 1145 Praeterea
1104 1107 1234 1144 breves
1260 1112 1298 1145 et
1324 1119 1404 1144 mu-

240 1161 370 1199 tabiles
389 1161 486 1197 vices
503 1173 626 1197 rerum
645 1165 744 1205 sunt,
762 1166 799 1198 et
817 1160 968 1197 fortuna
985 1173 1176 1209 nunquam
1190 1160 1404 1210 simpliciter

240 1215 424 1264 indulget.
444 1224 449 1229 “
481 1213 651 1251 Forsitan
672 1215 724 1252 ita
743 1214 794 1250 dii
813 1214 888 1251 fata
915 1213 1193 1259 ordinaverunt,
1213 1218 1256 1252 ut
1276 1213 1405 1252 Persa-

240 1282 322 1306 rum
341 1268 546 1317 imperium,
561 1268 662 1317 quod
677 1267 839 1305 secundo
854 1280 962 1304 cursu
977 1279 1042 1316 per
1056 1268 1236 1305 ducentos
1250 1267 1404 1317 triginta

240 1335 356 1360 annos
385 1322 432 1359 ad
460 1334 642 1358 summum
678 1321 868 1369 fastigium
904 1328 1114 1367 evexerant,
1143 1333 1278 1370 magno
1303 1326 1406 1359 motu

241 1380 483 1414 concuterent
510 1375 638 1423 magis,
668 1387 776 1424 quam
806 1375 1054 1423 adfligerent3
1094 1372 1408 1424 admonerentque

228 1430 307 1468 ‘nos
326 1429 531 1476 fragilitatis
550 1428 743 1473 humanae,
765 1428 869 1477 cujus
897 1428 1009 1464 nimia
1035 1428 1074 1464 in
1096 1427 1279 1478 prosperis
1298 1429 1407 1466 rebus

242 1483 377 1521 oblivio
397 1487 464 1520 est.
520 1482 634 1519 Modo
665 1482 816 1519 Graecis
843 1482 942 1520 ultro
969 1481 1107 1518 bellum
1131 1481 1404 1519 inferebamus:

242 1550 339 1575 nunc
358 1537 397 1573 in
417 1536 564 1573 sedibus
583 1536 718 1573 nostris
746 1535 1001 1585 propulsamus
1028 1535 1172 1573 illatum
1191 1548 1200 1572 ε
1223 1534 1408 1584 jactamur

241 1592 397 1628 invicem
426 1590 605 1627 varietate
631 1589 815 1627 fortunae.
870 1589 1056 1626 Videlicet
1082 1589 1286 1638 imperium,
1308 1589 1407 1638 quod

242 1650 374 1682 mutuo
393 1644 629 1688 adfectamus,
651 1639 725 1680 una
743 1655 834 1691 gens
862 1656 937 1680 non
964 1643 1074 1692 capit.
1131 1643 1318 1687 Ceterum,
1340 1643 1407 1680 eti-

243 1699 331 1736 amsi
352 1710 434 1747 spes
453 1709 528 1734 non
548 1697 724 1742 subesset,
741 1697 936 1734 necessitas
955 1701 1079 1734 tamen
1093 1696 1282 1733 stimulare
1295 1696 1407 1733 debe-

243 1758 328 1790 ret:
358 1752 405 1788 ad
433 1755 597 1788 extrema
624 1755 842 1800 perventum
869 1755 952 1793 est3
981 1754 1136 1788 matrem
1163 1762 1294 1795 meam,
1314 1749 1406 1787 duas

244 1807 347 1852 filias,
379 1804 526 1842 Ochum
554 1804 594 1840 in
622 1817 723 1853 spem
750 1803 860 1853 hujus
895 1803 1040 1853 imperii
1074 1803 1243 1852 genitum
1270 1803 1406 1852 princi-

245 1873 338 1910 pem,
359 1859 459 1896 illam
479 1858 641 1895 sobolem
666 1857 790 1909 regiae
816 1857 952 1907 stirpis,
972 1857 1084 1894 duces
1111 1861 1250 1894 vestros
1276 1869 1407 1906 regum

245 1916 373 1958 instar,
401 1913 545 1950 vinctos
572 1912 712 1956 habet3
743 1911 813 1949 nisi
840 1911 940 1961 quod
966 1910 1004 1948 in
1030 1910 1134 1948 vobis
1152 1915 1220 1954 est,
1239 1910 1317 1960 ipse
1337 1923 1407 1959 ego

244 1967 383 2017 majore
401 1971 507 2016 parte
525 1966 597 2002 mei
615 1966 782 2015 captivus
801 1978 892 2002 sum.
948 1964 1091 2013 Eripite
1109 1964 1249 2001 viscera
1266 1976 1347 2001 mea
1361 1976 1408 2001 ex

245 2021 400 2058 vinculis
421 2034 429 2064 ;
459 2019 643 2057 restituite
671 2019 760 2056 mihi
787 2019 953 2069 pignora,
982 2030 1050 2068 pro
1068 2018 1201 2067 quibus
1219 2018 1297 2067 ipse
1315 2017 1409 2054 mori

247 2087 321 2112 non
348 2086 489 2118 recuso,
519 2078 722 2122 parentem,
750 2073 909 2116 liberos3
943 2084 1028 2109 nam
1056 2071 1251 2121 conjugem
1278 2071 1316 2108 in
1343 2071 1408 2108 illo

246 2141 392 2165 carcere
419 2127 535 2164 amisi.
604 2126 766 2172 Credite,
795 2139 895 2163 nunc
934 2138 1061 2163 omnes
1087 2126 1242 2164 tendere
1268 2125 1317 2162 ad
1343 2137 1408 2162 vos

246 2194 387 2226 manus,
407 2181 604 2229 implorare
630 2179 769 2229 patrios
805 2180 905 2225 deOS,
934 2192 1041 2228 opem
1068 2184 1238 2225 vestram,
1267 2178 1407 2216 miseri-

248 2235 422 2281 cordiam,
442 2234 554 2270 fidem
581 2246 787 2283 exposcere,
808 2237 851 2271 ut
878 2234 1067 2279 servitute,
1086 2238 1129 2271 ut
1156 2231 1404 2282 compedibus,

249 2294 290 2326 ut
317 2287 482 2338 precario
509 2287 612 2324 victu
637 2288 734 2336 ipsos
765 2287 943 2325 liberetis.
1010 2287 1074 2324 An
1101 2286 1262 2332 creditis,
1289 2297 1407 2334 aequo

248 2342 370 2380 animo
387 2341 432 2379 iis
451 2341 598 2387 servire,
612 2353 768 2390 quorum
786 2353 891 2390 reges
910 2353 988 2378 esse
1006 2339 1233 2379 fastidiunt?
1287 2338 1408 2375 Video

249 2395 436 2435 admoveri
462 2395 623 2433 hostium
651 2395 788 2433 aciem:
832 2395 896 2433 sed
933 2407 1006 2444 quo
1033 2394 1183 2444 propius
1210 2391 1403 2432 discrimen
