1496 2671
446 101 544 128 CATO
562 100 693 127 MAJOR
711 100 763 126 DE
782 99 1018 128 SENECTUTE.
1270 90 1320 129 27

144 193 331 242 videntur,
350 200 394 234 ut
408 208 521 244 quum
540 208 644 245 aquae
673 196 918 234 multitudine
934 196 990 235 vis
1006 196 1164 233 flammae
1194 197 1320 246 oppri-

146 248 261 286 mitur
280 263 289 287 :
310 261 416 287 senes
434 256 570 295 autern,
593 249 690 287 sicut
709 262 776 286 sua
794 256 938 299 sponte,
959 250 1065 287 nulla
1084 249 1254 288 adhibita
1271 250 1321 295 vi,

145 307 387 352 consumptus
413 302 512 351 ignis
531 303 796 351 exstinguitur.
853 303 916 350 Et,
937 304 1041 352 quasi
1058 316 1169 354 poma
1186 315 1235 341 ex
1262 316 1320 341 ar-

145 355 307 401 boribus,
328 355 359 393 si
376 357 493 393 cruda
511 361 610 401 sunt,
627 357 664 393 vi
679 356 893 394 avelluntur
908 370 918 401 ;
938 358 969 394 si
983 363 1129 395 matura
1147 363 1186 395 et
1200 362 1318 402 cocta,

145 408 343 453 decidunt:
378 410 430 447 sic
456 411 570 448 vitam
599 410 898 448 adolescentibus
927 412 1142 457 visaufert,
1171 411 1322 448 senibus

142 462 361 500 maturitas:
389 475 471 512 quae
491 463 582 500 mihi
607 464 756 512 quidem
784 469 861 501 tam
885 463 1055 512 jucunda
1083 470 1150 510 cst,
1171 469 1226 510 ut,
1247 477 1322 514 quo

141 515 294 564 propius
313 517 362 554 ad
380 525 539 555 mortem
557 517 742 562 accedam,
763 517 868 565 quasi
879 523 1017 555 terram
1037 518 1164 555 videre
1182 518 1321 563 videar,

142 567 415 619 aliquandoque
433 571 472 608 in
491 576 641 621 portum
669 583 717 608 ex
734 571 849 620 longa
867 571 1108 620 navigatione
1137 584 1216 609 esse
1233 584 1322 609 ven-

142 627 266 660 turus.

197 676 282 714 XX.
315 676 377 717 72.
409 678 588 716 Omnium
617 682 773 716 aetatum
792 682 918 716 certus
937 683 994 716 est
1021 678 1234 716 terminus:
1265 691 1322 716 se-

143 731 306 769 nectutis
325 737 450 770 autem
477 733 604 770 nullus
623 737 747 770 certus
774 736 831 769 est
850 731 1054 776 terminus;
1083 737 1258 781 recteque
1286 733 1325 769 in

143 795 186 820 ea
205 784 356 831 vivitur,
377 786 500 834 quoad
519 799 655 823 munus
673 786 783 823 officii
796 785 949 833 exsequi
964 791 1001 823 et
1020 785 1118 823 tueri
1137 785 1266 835 possis,
1287 792 1326 823 et

142 842 269 875 tamen
297 846 454 878 mort-em
485 846 734 877 contemnere.
792 838 851 875 Ex
880 851 954 887 quo
980 839 1034 885 fit,
1055 843 1100 876 ut
1127 839 1326 876 animosior

143 891 256 928 etiam
275 898 447 931 senectus
475 894 534 939 sit,
565 906 674 943 quam
694 891 958 938 adolescentia,
980 898 1018 930 et
1035 892 1182 930 fortior.
1237 892 1324 929 Hoc

144 944 238 982 illud
257 951 325 992 est,
343 947 444 995 quod
473 947 669 985 Pisistrato
696 952 860 996 tyranno
888 959 910 983 a
939 946 1077 983 Solone
1104 958 1324 995 responsum

145 1004 214 1042 est,
236 1012 351 1048 quum
370 1001 424 1037 illi
444 1001 639 1049 quaerenti,
660 1013 733 1049 qua
759 1000 904 1038 tandem
930 1012 992 1050 spe
1009 1001 1137 1050 fretus
1154 1001 1224 1037 sibi
1251 1004 1327 1038 tam

144 1052 335 1090 audaciter
352 1055 544 1100 obsisteret,
565 1054 802 1103 respondisse
825 1053 975 1098 dicitur,
995 1054 1194 1092 Senectute.
1253 1052 1328 1090 Sed

144 1106 295 1142 vivendi
313 1107 397 1144 finis
412 1114 468 1146 est
488 1108 661 1157 optimus,
677 1119 803 1155 quum,
816 1107 966 1155 integra
979 1113 1105 1144 mente
1120 1106 1325 1156 ceterisque

145 1159 326 1205 sensibus,
348 1172 440 1209 opus
458 1162 539 1211 ipsa
554 1174 662 1198 suum
678 1161 820 1206 eadem,
840 1172 922 1208 quae
943 1160 1234 1209 coagmentavit,
1255 1173 1323 1197 na-

143 1216 231 1250 tura
248 1213 432 1252 dissolvit.
490 1215 546 1253 Ut
574 1227 718 1259 navem,
740 1219 784 1251 ut
812 1214 1010 1250 aedificium
1037 1214 1137 1251 idem
1166 1214 1327 1251 destruit

145 1265 330 1314 facillime,
352 1268 415 1316 qui
444 1268 685 1306 construxit:
717 1267 768 1303 sic
796 1267 986 1304 hominem
1015 1268 1144 1304 eadem
1173 1268 1324 1316 optime,

146 1331 228 1367 quae
258 1321 544 1370 conglutinavit,
572 1327 708 1359 natura
739 1320 920 1357 dissolvit.
974 1321 1062 1358 Jam
1090 1321 1211 1357 omnis
1238 1333 1326 1358 con-

144 1373 349 1421 glutinatio
362 1388 491 1413 recens
511 1388 622 1423 aegre,
651 1375 858 1412 inveterata
884 1373 992 1411 facile
1012 1374 1214 1411 divellitur.
1271 1373 1329 1412 lta

147 1427 202 1470 fit,
222 1432 266 1465 ut
284 1429 379 1465 illud
398 1429 512 1466 breve
532 1429 618 1466 vi'tae
647 1428 830 1475 reliquum
850 1439 919 1464 nec
948 1428 1056 1464 avide
1075 1427 1329 1477 appetendum

147 1481 309 1527 senibus,
348 1495 418 1519 nec
455 1483 535 1519 sine
567 1494 695 1519 caussa
734 1480 982 1517 deserendum
1019 1481 1081 1519 sit.
1140 1480 1329 1530 Vetatque

147 1534 394 1584 Pythagoras,
414 1537 556 1586 injussu
572 1535 823 1585 Imperatoris,
843 1533 886 1570 id
902 1539 965 1579 est,
984 1534 1073 1579 Dei,
1093 1534 1138 1572 de
1149 1535 1331 1585 proesidz'o

146 1594 181 1625 et
198 1590 353 1627 statione
370 1591 458 1627 vitae
475 1589 653 1627 decedere.
711 1587 776 1626 73.
806 1587 953 1624 Solonis
972 1588 1121 1636 quidem
1151 1589 1328 1637 sapientis

148 1642 311 1691 elogium
331 1648 397 1688 est,
419 1655 492 1691 quo
510 1656 546 1681 se
565 1647 673 1694 neyat
690 1642 776 1679 velle
792 1653 900 1678 suam
917 1647 1069 1679 mortem
1095 1641 1219 1679 dolore
1238 1644 1330 1679 ami-

146 1707 272 1733 corum
300 1701 335 1735 et
359 1697 526 1735 lamentis
549 1709 692 1734 vacare.
750 1695 856 1739 Vult,
887 1695 1010 1741 credo,
1040 1708 1079 1732 se
1106 1707 1185 1732 esse
1203 1707 1330 1733 carum

147 1749 237 1787 suis.
294 1750 370 1788 Sed
387 1751 490 1788 haud
510 1751 598 1796 scio,
621 1763 669 1787 an
689 1749 821 1785 melius
842 1748 1012 1786 Ennius:

316 1816 422 1847 Nemo
436 1826 485 1848 me
501 1815 649 1847 lacrumis
664 1816 802 1853 decoret,
819 1823 875 1844 nec
890 1815 999 1845 funera
1016 1814 1090 1845 fietu

315 1859 340 1889 F
343 1859 418 1890 axit.

151 1913 214 1952 74.
244 1913 332 1951 Non
351 1920 479 1953 censet
498 1914 701 1964 lugendam
721 1927 800 1951 esse
820 1918 988 1958 mortem,
1010 1924 1122 1961 quam
1138 1911 1328 1949 immorta-

148 1967 234 2004 litas
270 1975 531 2016 consequatur.
588 1969 611 2006 J
616 1981 675 2005 am
711 1980 842 2004 sensus
873 1966 1057 2003 moriendi
1095 1966 1226 2014 aliquis
1253 1978 1332 2002 esse

150 2027 299 2070 potest;
327 2022 431 2070 isque
451 2023 498 2059 ad
518 2022 696 2070 exiguum
716 2027 874 2070 tempus,
896 2019 1102 2069 praesertim
1122 2019 1226 2063 seni3
1248 2024 1333 2068 post

150 2081 310 2113 mortem
348 2075 497 2123 quidem
534 2089 664 2113 sensus
691 2080 757 2112 aut
784 2074 983 2123 optandus,
1014 2081 1080 2110 aut
1107 2073 1234 2110 nullus
1261 2077 1331 2110 est.

154 2129 229 2166 Sed
244 2130 314 2166 hoc
329 2128 546 2166 meditatum
562 2130 608 2166 ab
624 2128 876 2166 adolescentia
891 2127 1005 2164 debet
1018 2138 1107 2172 esse,
1118 2132 1275 2164 mortem
1290 2132 1334 2163 ut

150 2183 384 2232 negligamus
400 2195 408 2219 τ
439 2183 518 2220 sine
536 2196 608 2231 qua
630 2182 874 2220 meditatione
891 2180 1093 2228 tranquillo
1112 2192 1192 2217 esse
1210 2180 1333 2217 animo

153 2249 262 2274 nemo
282 2241 416 2285 potest.
474 2236 712 2273 Moriendum
731 2236 830 2272 enim
850 2240 951 2272 certe
969 2238 1026 2271 est
1045 2246 1054 2269 τ
1085 2241 1123 2272 et
1150 2233 1188 2270 id
1213 2234 1333 2270 incer·

151 2296 244 2336 tum,
275 2303 322 2327 an
343 2301 387 2327 eo
414 2289 495 2338 ipso
515 2291 588 2327 die.
628 2290 791 2327 Mortem
809 2289 927 2337 igitur
946 2288 1117 2324 omnibus
1136 2286 1238 2323 horis
1265 2286 1334 2323 im-

150 2344 377 2394 pendentem
397 2343 544 2389 timens,
561 2344 624 2393 qui
636 2343 776 2392 poterit
787 2343 911 2380 animo
923 2341 1125 2380 consistere
1137 2340 1156 2377 Ξ)
1185 2340 1251 2379 75.
1272 2339 1334 2377 De
