1496 2671
246 165 296 204 62
553 162 745 210 QUINTI
773 163 961 203 CURTII
988 163 1121 203 RUFI

244 275 388 312 hostem
423 272 553 322 procul
588 276 697 311 stare.
754 272 923 311 Tandem
950 277 1139 322 compotes
1174 272 1231 311 sui
1265 271 1410 323 pariter

245 340 346 365 arma
364 331 402 365 et
415 325 556 364 animos
591 339 782 377 recepere3
813 339 882 365 nec
899 327 1102 377 quidquam
1129 339 1175 364 ex
1199 328 1403 377 praesenti*-

244 383 312 419 bus
331 380 450 418 tutius
462 379 581 417 visum
599 386 667 426 est,
682 392 791 429 quam
808 381 942 418 eodem·
958 381 1040 418 loco
1053 385 1173 419 castra
1185 381 1342 419 munire.

296 433 480 472 XLVIII.
509 434 664 473 Postero
699 435 760 472 die
805 434 988 480 Mazaeus,
1035 434 1097 483 qui
1133 447 1217 472 cum
1252 435 1411 473 delectis·

244 488 410 538 equitum
435 488 476 525 in
502 488 604 527 edito
630 488 734 534 colle,
763 501 810 526 ex
836 499 908 536 quo
933 488 1181 526 Macedonum
1206 488 1405 538 prospicie-

244 544 381 580 bantur
399 546 529 588 castra,
549 542 778 587 consederat,
799 541 876 579 sive
894 547 1007 587 metu,
1028 542 1105 579 sive
1122 542 1207 590 quia
1224 541 1409 592 speculari·

244 596 356 633 modo
377 594 502 645 jussu's
529 602 619 642 erat,
648 596 697 633 ad
724 595 882 633 Darium
902 596 1024 633 rediit.
1079 596 1303 634 Macedones
1320 609 1405 634 eum

244 650 364 700 ipsum
390 649 521 687 collem
545 663 655 699 quem
673 649 887 687 deseruerat
922 655 1223 699 occupaverunt:
1252 662 1339 687 nam
1367 656 1405 687 et

243 704 360 743 tutior
378 703 531 754 planitie
544 709 634 750 erat,
651 708 690 741 et
706 703 794 741 inde
805 703 899 740 acies
917 703 1090 748 hostium,
1106 715 1200 752 quae
1218 703 1256 740 in
1274 715 1405 753 campo

244 757 508 808 explicabatur,
529 757 690 807 conspici
708 761 869 806 poterat.
924 756 998 794 Sed
1024 757 1153 805 caligo,
1174 769 1283 806 quam
1308 758 1406 794 circa

244 811 387 849 humidi
405 811 613 848 effuderant
632 816 788 856 montes,
809 810 1015 847 universam
1036 810 1186 860 quidem
1203 811 1257 848 rei
1275 811 1405 849 faciem

244 879 320 903 non
338 865 503 909 abstulit,
525 869 689 902 ceterum
716 865 906 913 agminum
933 864 1144 901 discrimina
1171 869 1281 913 atque
1306 865 1405 902 ordi-

244 933 330 957 nem
355 918 547 968 prohibuit
573 918 744 968 perspici.
817 917 1026 956 Multitudo
1043 917 1290 956 inundaverat
1307 930 1407 956 cam-

243 986 338 1023 pos3
384 972 623 1021 fremitusque
649 978 707 1010 tot
742 971 897 1009 millium
932 972 1041 1009 etiarn
1072 971 1200 1021 procul
1228 972 1406 1010 stantium

243 1039 348 1065 aures
365 1026 593 1076 impleverat.
648 1025 839 1064 Fluctuari
857 1025 979 1063 animo
997 1038 1074 1071 rex,
1104 1029 1142 1062 et
1160 1025 1270 1063 modo
1289 1038 1406 1070 suum,

243 1081 354 1118 modo
375 1080 630 1117 Parmenionis
658 1080 852 1118 consilium
879 1092 959 1116 sera
978 1079 1233 1117 aestima-tione
1250 1091 1407 1129 perpen-

246 1135 353 1178 dere3
384 1135 520 1184 quippe
538 1147 582 1171 eo
601 1140 754 1172 ventum
767 1139 854 1179 erat,
875 1134 975 1170 unde
993 1133 1107 1182 recipi
1124 1133 1320 1178 exercitus,
1335 1133 1408 1170 nisi

244 1189 369 1234 victor,
399 1188 477 1227 sine
505 1188 609 1225 clade
635 1201 712 1225 non
740 1194 873 1237 posset.
947 1185 1142 1236 [Movebat
1181 1187 1292 1224 etiam
1320 1198 1403 1224 eum

246 1242 448 1280 multitudo
466 1242 639 1287 hostium,
660 1248 830 1291 respectu
848 1241 1045 1291 paucitatis
1064 1253 1152 1278 suae
1169 1241 1297 1289 gentis
1313 1254 1321 1277 ε
1342 1241 1407 1278 sed

243 1296 432 1334 interdum
450 1296 657 1345 reputabat,
687 1300 842 1343 quantas
860 1308 918 1332 res
945 1307 1029 1331 cum
1047 1294 1116 1331 hac
1133 1299 1247 1343 gente
1272 1294 1405 1343 gessis-

245 1355 311 1395 set,
339 1354 570 1399 quantosque
599 1349 754 1399 populos
779 1349 944 1386 fudisset.
1017 1348 1148 1397 Itaque
1174 1360 1288 1396 quum
1325 1360 1406 1397 spes

245 1408 384 1441 metum
412 1403 586 1449 vinceret,
615 1402 855 1452 periculosius
883 1402 1020 1439 bellum
1046 1402 1194 1438 differre
1219 1402 1335 1446 ratus,
1359 1414 1408 1438 ne

245 1456 453 1506 desperatio
481 1457 555 1493 suis
574 1461 754 1494 cresceret
775 1469 782 1500 ;
811 1455 1040 1493 dissimulato
1066 1467 1121 1501 eo,
1142 1455 1407 1492 mercenarium

245 1511 403 1558 equitem
422 1523 468 1547 ex
489 1510 650 1547 Paeonia
667 1510 887 1559 praecedere
900 1509 1022 1559 jubet.
1078 1509 1162 1558 Ipse
1179 1508 1406 1558 phalangem,

244 1563 339 1601 sicut
351 1569 461 1601 antea
474 1563 614 1601 dictum
627 1568 695 1611 est,
709 1563 749 1601 in
763 1563 838 1601 duo
855 1576 994 1601 cornua
1007 1563 1226 1601 extenderat
1242 1576 1250 1600 :
1267 1568 1410 1600 utrum>

246 1629 315 1666 que
333 1630 449 1655 cornu
467 1618 607 1666 equites
634 1618 822 1667 tegebant.
877 1617 1035 1665 Jamque
1060 1616 1213 1654 nitidior
1231 1616 1306 1662 lux,
1334 1616 1410 1654 dis«

247 1684 351 1709 cussa
367 1671 534 1720 caligine,
556 1672 670 1708 aciem
689 1671 849 1709 hostium
863 1671 1076 1708 ostenderat
1092 1684 1099 1708 :
1122 1675 1160 1708 et
1171 1669 1406 1716 Macedones,

246 1726 322 1763 sive
358 1725 558 1770 alacritate,
596 1725 671 1762 sive
708 1725 831 1763 taedio
865 1724 1159 1774 exspectationis,
1205 1724 1406 1772 ingentem,

250 1779 498 1828 pugnantium
524 1792 637 1824 more,
668 1779 816 1816 edidere
843 1779 1050 1815 clamorem.
1104 1776 1292 1815 Redditus
1320 1783 1357 1816 et
1387 1791 1407 1815 a

251 1832 373 1870 Persis
409 1844 560 1870 nemora
598 1833 782 1882 vallesque
819 1832 1071 1881 circumjectas
1115 1830 1272 1869 terribili
1317 1844 1407 1868 sono

247 1887 477 1935 impleverat.
531 1887 612 1923 Nec
642 1886 721 1936 jam
757 1886 939 1923 contineri
976 1885 1198 1922 Macedones
1223 1890 1414 1934 poterant,-

250 1940 338 1988 quin
364 1953 474 1978 cursu
501 1952 647 1990 quoque
675 1941 722 1977 ad
748 1940 889 1977 hostem
917 1936 1218 1990 contenderent]
1275 1939 1415 1976 Melius·

250 1994 371 2031 adhuc
407 1999 509 2032 ratus
545 1995 585 2031 in
611 1995 741 2032 eodem
767 1993 912 2032 tumulo
940 1999 1059 2031 castra
1087 1994 1242 2038 munire,
1271 1992 1408 2030 vallum

242 2047 317 2095 jaci
328 2047 466 2096 jussit:
495 2054 716 2096 strenueque
735 2060 845 2098 opere
862 2047 1036 2096 perfecto,
1056 2047 1096 2083 in
1114 2047 1406 2092 tabernaculum,

249 2113 294 2138 ex
312 2114 387 2150 quo
406 2106 485 2139 tota
503 2102 598 2139 acies
617 2102 778 2140 hostium
796 2100 1095 2150 conspiciebatur,
1116 2101 1276 2139 secessit.

302 2154 444 2191 XLIX.
475 2155 536 2192 13.
569 2156 664 2192 Tum
711 2168 798 2192 vero
825 2155 995 2191 universa
1038 2155 1154 2192 futuri
1189 2154 1413 2192 discriminis

247 2208 357 2246 facies
394 2207 434 2245 in
472 2209 589 2246 oculis
626 2213 705 2246 erat
721 2222 734 2246 :⁷
770 2209 878 2245 armis
917 2209 1124 2257 insignibus
1150 2209 1234 2257 equ-i
1268 2207 1408 2255 virique

251 2261 495 2311 splendebant
516 2276 524 2299 ε
555 2269 592 2300 et
610 2263 734 2299 omnia·
759 2262 958 2299 intentiore
976 2275 1064 2299 cura
1082 2261 1291 2312 praeparari
1308 2261 1407 2309 apud

252 2315 407 2360 hostem,
428 2315 639 2353 sollicitudo
657 2322 869 2365 praetorum
889 2312 1037 2365 agmina
1054 2330 1121 2354 sua
1144 2314 1407 2363 interequitan-

251 2369 346 2407 tium
374 2369 604 2407 ostendebat.
660 2368 719 2406 Ac
745 2369 918 2418 pleraque
944 2370 1078 2416 inania,
1113 2371 1208 2408 sicu-t
1241 2367 1413 2405 fremitus—

254 2423 454 2468 hominum,
485 2435 660 2470 equorum
687 2423 865 2469 hinnitus,
895 2436 1079 2462 armorum
1114 2421 1406 2463 internitentium
