1496 2671
173 148 226 183 30
506 146 556 187 C.
586 146 741 186 JULII
771 147 1029 188 CAESARIS

224 253 317 291 LII.
349 253 479 292 Caesar
499 254 663 304 singulis
692 256 911 306 legionibus
945 257 1118 307 singulos
1150 256 1297 305 legatos
1327 260 1366 292 et

170 313 401 355 quaestorem
419 307 604 356 praefecit,
626 309 683 346 uti
703 323 767 347 eos
785 317 902 348 testes
921 323 999 349 suae
1019 311 1182 359 quisque
1210 309 1369 345 virtutis

170 360 341 398 haberet.
416 361 507 410 Ipse
543 375 566 400 a
602 363 739 400 dextro
776 377 909 409 cornu,
947 365 1050 412 quod
1096 377 1178 401 eam
1215 370 1367 412 partem

169 414 328 451 minime
348 415 501 452 firmam
528 416 697 453 hostium
726 430 809 454 esse
828 417 1166 463 animadverterat,
1187 416 1366 465 praelium

170 468 375 505 commisit.
432 468 495 506 Ita
513 471 635 507 nostri
655 471 795 508 acriter
830 472 871 507 in
902 471 1031 508 hostes
1052 471 1162 520 signo
1182 471 1271 508 dato
1290 471 1364 506 im-

168 527 303 569 petum
322 520 509 567 fecerunt,
526 524 657 572 itaque
676 524 804 561 hostes
824 531 983 572 repente
1003 525 1256 572 celeriterque
1276 536 1364 572 pro-

169 582 386 620 currerunt,
420 582 464 613 ut
496 577 663 625 spatium
692 578 772 627 pila
798 577 840 614 in
868 579 996 615 hostes
1029 577 1259 625 conjiciendi
1287 590 1365 614 non

169 627 341 665 daretur.
398 629 568 678 Rejectis
603 631 706 678 pilis,
732 631 946 668 comminus
976 631 1116 679 gladiis
1149 637 1364 680 pugnatum

169 686 242 718 est:
272 688 312 718 at
342 680 542 728 Germani,
574 684 751 721 celeriter
780 697 830 721 ex
858 684 1136 721 consuetudine
1164 682 1234 721 sua
1253 684 1363 732 phal-

169 746 268 784 ange
297 733 409 780 facta,
443 737 611 786 impetus
640 738 857 786 gladiorum
884 743 1135 787 exceperunt.
1203 737 1364 786 Reperti

167 795 259 825 sunt
278 790 492 838 complures
520 791 644 827 nostri
672 791 825 835 milites,
847 791 914 839 qui
942 792 983 827 in
1011 791 1222 840 phalangas
1241 790 1365 828 insili-

167 848 255 879 rent
264 849 302 879 et
321 852 430 881 scuta
442 844 620 880 manibus
631 844 862 881 revellerent
878 849 917 881 et
929 843 1092 893 desuper
1102 845 1365 882 vulnerarent.

171 894 301 941 Quum
320 896 491 934 hostium
520 897 621 934 acies
651 910 673 935 a
703 897 860 934 sinistro
893 910 1012 935 cornu
1040 898 1151 946 pulsa
1180 904 1296 946 atque
1322 897 1365 934 in

166 948 300 998 fugam
319 962 506 988 conversa
526 956 636 996 esset,
658 963 681 987 a
699 951 838 988 dextro
858 963 979 988 cornu
997 952 1246 989 vehementer
1266 951 1364 988 mul-

167 1003 334 1040 titudine
354 1017 512 1042 suorum
540 1010 712 1042 nostram
739 1004 861 1042 aciem
881 1006 1118 1052 premebant.
1175 1005 1224 1042 Id
1243 1017 1366 1055 quum

167 1057 504 1096 animadvertisset
537 1057 585 1094 P.
616 1057 780 1096 Crassus
808 1058 1040 1104 adolescens,
1074 1059 1141 1107 qui
1172 1059 1363 1108 equitatui

165 1117 342 1159 praeerat,
363 1113 467 1160 quod
485 1112 705 1160 expeditior
719 1116 802 1149 erat
821 1124 936 1160 quam
957 1112 1008 1154 hi,
1031 1113 1097 1161 qui
1119 1113 1220 1149 inter
1239 1113 1362 1150 aciem

166 1165 434 1211 versabantur,
464 1166 622 1203 tertiam
649 1166 771 1203 aciem
799 1165 1065 1203 laborantibus
1097 1166 1240 1203 nostris
1269 1167 1361 1203 sub-

166 1218 265 1255 sidio
286 1219 403 1256 misit.
442 1224 445 1226 ’

219 1271 334 1309 LIII.
365 1272 429 1310 Ita
474 1272 655 1322 proelium
704 1272 930 1309 restitutum
967 1278 1035 1317 est,
1075 1278 1191 1321 atque
1228 1284 1361 1310 omnes

165 1324 296 1363 hostes
315 1331 426 1375 terga
444 1332 659 1370 verterunt,
680 1338 806 1373 neque
834 1327 942 1374 prius
962 1325 1097 1374 fugere
1117 1325 1363 1371 destiterunt,

166 1391 283 1427 quam
315 1380 363 1416 ad
393 1380 537 1416 flumen
571 1379 754 1416 Rhenum
785 1380 907 1415 millia
939 1391 1121 1428 passuum
1148 1391 1198 1416 ex
1218 1392 1262 1416 eo
1281 1379 1365 1417 loco

165 1433 321 1470 circiter
348 1433 632 1481 quinquaginta
660 1433 923 1482 pervenerint.
978 1432 1040 1470 Ibi
1078 1433 1258 1481 perpauci
1298 1431 1366 1470 aut

164 1486 317 1523 viribus
346 1487 480 1524 confisi
510 1492 754 1524 transnatare
774 1487 1070 1531 contenderunt,
1088 1492 1156 1523 aut
1182 1486 1365 1525 lintribus

164 1539 335 1577 inventis
356 1540 430 1577 sibi
460 1540 623 1576 salutem
642 1546 885 1588 repererunt.
942 1539 990 1576 In
1009 1540 1070 1576 his
1088 1539 1165 1576 suit
1183 1539 1363 1577 Ariovis-

165 1599 240 1637 tus,
262 1593 327 1641 qui
349 1593 568 1630 naviculam
596 1593 805 1642 deligatam
832 1594 881 1630 ad
899 1593 1023 1642 ripam
1043 1599 1190 1638 nactus,
1212 1595 1258 1630 ea
1277 1606 1365 1642 pro-

163 1645 284 1695 fugit3
312 1647 481 1695 reliquos
515 1659 645 1684 omnes
676 1647 873 1684 consecuti
906 1647 1055 1695 equites
1085 1647 1211 1696 nostri
1238 1647 1362 1684 inter-

166 1699 361 1737 fecerunt.
417 1700 516 1737 Duae
536 1700 696 1737 fuerunt
724 1699 918 1737 Ariovisti
948 1712 1100 1745 uxores,
1132 1713 1208 1737 una
1229 1699 1360 1738 Sueva

164 1753 332 1799 natione,
354 1767 471 1803 quam
491 1755 538 1791 ab
558 1754 670 1791 domo
690 1766 819 1791 secum
839 1754 882 1790 ed
891 1759 1043 1797 uxerat3
1063 1753 1182 1791 altera
1201 1753 1360 1797 Norica,

164 1807 269 1856 regis
287 1807 475 1845 Vocionis
493 1819 613 1850 soror,
633 1820 749 1856 quam
776 1808 818 1843 in
847 1806 978 1844 Gallia
997 1807 1162 1844 duxerat
1190 1818 1211 1843 a
1240 1805 1360 1845 fratre

164 1861 336 1898 missam:
366 1866 542 1910 utraeque
577 1861 618 1897 in
649 1859 695 1898 ea
725 1860 817 1910 suga
860 1861 1074 1910 perierunt.
1132 1860 1231 1896 Duae
1268 1860 1358 1896 filiae

164 1914 315 1959 harum,
347 1915 468 1952 altera
505 1915 639 1960 occisa,
673 1914 795 1951 altera
826 1920 938 1963 capta
965 1920 1035 1951 est.
1094 1912 1140 1950 C.
1179 1913 1359 1951 Valerius

163 1966 367 2013 Procillus,
406 1981 525 2016 quum
559 1981 581 2005 a
612 1969 835 2005 custodibus
867 1968 909 2004 in
940 1964 1034 2016 fuga
1066 1967 1181 2004 trinis
1214 1967 1362 2004 catenis

163 2021 319 2058 vinctus
339 2022 570 2066 traheretur,
592 2022 632 2057 in
652 2022 781 2070 ipsum
802 2021 1008 2066 Caesarem,
1027 2021 1156 2058 hostes
1184 2021 1360 2069 equitatu

163 2081 472 2123 persequentem,
503 2075 656 2112 incidit.
715 2074 809 2121 Quae
839 2075 995 2122 quidem
1024 2087 1086 2111 res
1117 2073 1263 2111 Caesari
1282 2086 1360 2111 non

163 2127 353 2164 minorem
373 2141 488 2176 quam
516 2129 599 2177 ipsa
627 2129 789 2165 victoria
817 2129 1055 2176 voluptatem
1085 2128 1227 2172 attulit,
1257 2128 1361 2175 quod

162 2180 359 2218 hominem
415 2182 728 2219 honestissimum
782 2181 991 2230 provinciae
1050 2180 1202 2224 Galliae,
1249 2192 1360 2217 suum

163 2232 394 2272 familiarem
428 2241 466 2272 et
499 2236 700 2284 hospitem,
735 2241 910 2283 ereptum
931 2248 951 2272 e
971 2235 1149 2272 manibus
1176 2234 1357 2278 hostium,

164 2287 240 2324 sibi
258 2288 480 2326 restitutum
502 2288 668 2334 videbat,
691 2300 814 2337 neque
835 2288 918 2336 ejus
938 2289 1157 2326 calamitate
1184 2288 1231 2325 de
1250 2288 1360 2324 tanta

164 2340 362 2390 voluptate
380 2348 419 2379 et
430 2342 689 2391 gratulatione
704 2342 914 2390 quidquam
930 2341 1086 2380 fortuna
1101 2341 1358 2378 deminuerat.

164 2393 205 2431 Is
239 2407 280 2433 se
307 2402 496 2446 praesente
522 2396 568 2434 de
598 2408 638 2433 se
667 2401 725 2433 ter
754 2397 922 2434 sortibus
947 2395 1164 2434 consultum
1195 2394 1357 2438 dicebat,
