1496 2671
371 122 467 149 cAro
487 121 616 148 MAJon
633 120 685 147 DE
704 120 942 148 sannorum.
1185 110 1236 146 23

67 220 171 264 itate,
190 222 256 256 aut
269 219 442 256 arborum
470 216 677 265 ordinibus,
699 220 764 253 aut
791 217 980 254 vinearum
1001 216 1241 255 olivetorum·

68 286 140 322 que
159 272 280 322 specie
291 272 410 309 dicam
430 269 449 306 Ρ
505 269 616 306 Brevi
634 270 847 318 praeoidam.
904 272 934 307 A
940 283 1008 319 gro
1027 271 1123 308 bene
1141 271 1243 307 culto

68 327 123 364 nil
141 329 265 376 potest
283 337 361 362 esse
379 336 449 360 nec
476 336 546 361 usu
566 323 730 368 uberius,
749 335 817 360 nec
837 324 958 372 specie
978 325 1146 361 ornatius
1162 337 1170 361 τ
1191 325 1240 360 ad

69 393 177 429 quem
196 377 395 416 fruendum
423 389 499 414 non
527 377 639 413 modo
659 389 734 413 non
762 377 941 422 retardat,
972 390 1099 414 verum
1129 378 1242 415 etiam

68 433 203 470 invitat
238 437 351 480 atquo
379 430 529 468 allectat
556 436 741 467 senectus.
799 429 875 466 Ubi
903 430 999 467 enim
1029 436 1153 479 potest
1181 431 1245 467 illa

73 490 164 524 aetas
182 490 247 522 aut
274 484 456 522 calescere
484 484 543 521 vel
570 483 797 533 apricatione
824 483 955 520 melius
973 484 1030 520 vel
1058 484 1149 532 igni,
1180 490 1245 522 aut

66 539 223 578 vicissim
242 538 382 575 umbris
397 537 549 586 aquisve
563 535 773 585 refrigerari
790 536 974 573 salubrius
993 537 1012 574 P
1067 537 1130 574 58.
1162 538 1241 574 Sibi

66 591 183 640 igitur
202 591 365 628 habeant
383 603 496 630 arma.
518 591 586 627 sibi
607 603 730 639 equos,
748 590 817 627 sibi
832 590 968 633 hastas,
985 590 1053 627 sibi
1074 591 1226 635 clavam,

67 645 136 682 sibi
156 645 280 693 pilam,
300 645 370 681 sibi
398 645 609 682 natationes
636 649 674 681 et
702 656 855 687 cursus;
885 643 994 680 nobis
1021 644 1170 680 senibus
1198 657 1243 680 ex

65 698 272 735 lusionibus
291 699 418 736 multis
437 699 532 735 talos
551 698 763 746 relinquant
781 703 819 735 et
839 702 994 735 tesseras
1015 711 1023 740 ;
1053 697 1092 733 id
1120 697 1242 746 ipsum

66 758 192 788 utrum
221 751 393 788 lubebit:
432 751 605 800 quoniam
635 752 713 788 sine
740 751 797 787 his
826 751 933 788 beata
959 763 1038 788 esse
1073 757 1244 787 senectus

67 809 203 854 potest.

122 858 248 895 XVII.
279 858 343 896 59.
375 858 514 896 Multas
534 858 583 894 ad
601 871 659 894 res
678 858 855 906 perutiles
876 857 1137 906 Xenophontis
1156 858 1243 895 libri

67 918 186 950 sunt:
214 924 307 960 quos
344 912 468 960 legite,
492 923 628 960 quaeso,
651 912 828 956 studiose,
859 917 901 948 ut
928 911 1062 948 facitis.
1120 912 1243 956 Quam

67 966 215 1014 copiose
234 966 281 1002 ab
299 977 343 1002 eo
362 966 591 1013 agricultura
610 965 784 1002 laudatur
799 965 837 1001 in
857 977 900 1001 eo
914 965 1018 1008 libro,
1039 964 1101 1012 qui
1122 970 1177 1002 est
1196 966 1243 1001 de

67 1019 209 1055 tuenda
227 1032 268 1056 re
286 1019 467 1060 familiari,
490 1019 550 1066 qui
567 1018 833 1055 OEconomicus
853 1018 1069 1055 inscribitur
1085 1018 1093 1055 1
1116 1019 1242 1066 Atque

68 1078 110 1109 ut
129 1072 359 1120 intelligatis,
381 1072 471 1108 nihil
493 1073 527 1109 ei
547 1079 622 1109 tam
643 1072 768 1120 regale
797 1072 926 1116 videri,
948 1083 1055 1119 quam
1076 1072 1241 1108 studium

64 1126 145 1172 agri
165 1125 322 1169 colendi,
341 1125 511 1162 Socrates
531 1125 567 1161 in
585 1138 629 1162 eo
650 1125 743 1161 libro
758 1125 922 1173 loquitur
936 1137 1018 1161 eum
1034 1125 1241 1165 Critobulo.

63 1178 202 1226 Cyrum
224 1179 416 1223 minorem,
437 1179 580 1227 Regem
604 1178 811 1222 Persarum,
834 1183 1073 1227 praestantem
1090 1178 1243 1227 ingenio

65 1238 175 1279 atque
190 1231 333 1280 imperii
353 1232 484 1280 glori-21,
499 1244 613 1280 quum
634 1231 829 1281 Lysander
849 1231 1167 1276 Lacedaemonius,
1191 1235 1245 1268 vir·

70 1297 222 1322 summae
250 1285 411 1329 virtutis,
441 1286 603 1322 venisset
631 1286 679 1322 ad
699 1298 781 1321 eum
804 1285 942 1329 Sardis,
972 1285 1079 1332 eique
1098 1285 1197 1321 dona
1226 1299 1247 1323 a

69 1338 176 1375 sociis
195 1338 405 1376 attulisset:
427 1344 464 1375 et
484 1339 615 1376 ceteris
635 1339 671 1375 in
693 1339 802 1375 rebus
822 1351 961 1375 comem
983 1350 1072 1386 erga
1100 1338 1244 1386 Lysan-

66 1391 174 1428 drum
195 1397 305 1440 atque
333 1392 535 1429 humanum
556 1392 679 1436 fuisse,
700 1398 737 1429 et
757 1392 789 1428 ei
810 1392 994 1439 quendam
1023 1397 1240 1439 conseptum

67 1457 209 1493 agrum,
240 1445 445 1493 diligentur
478 1445 673 1489 consitum,
713 1445 944 1482 ostendisse:
974 1457 1087 1493 quum
1116 1452 1241 1482 autem

66 1499 313 1535 admiraretur
333 1498 528 1548 Lysander
547 1505 584 1536 et
605 1499 842 1547 proceritates
863 1499 1048 1542 arborum,
1069 1504 1107 1535 et
1122 1499 1240 1535 direc—

66 1558 124 1590 tos
140 1552 177 1588 in
192 1552 436 1600 quincuncem
452 1553 612 1596 ordines,
622 1558 659 1590 et
674 1552 827 1588 humum
842 1552 1033 1589 subactam
1049 1556 1159 1600 atque
1173 1565 1241 1601 pu-

66 1618 156 1647 ram,
178 1610 216 1643 et
244 1605 462 1643 suavitatem
492 1607 660 1649 odorum,
692 1605 752 1653 qui
782 1605 997 1642 afflarentur
1015 1618 1036 1641 e
1062 1605 1242 1644 floribus:

68 1665 147 1697 tum
169 1659 315 1703 dixisse,
337 1659 462 1695 mirari
482 1672 521 1696 se
540 1672 614 1697 non
643 1660 755 1696 modo
775 1658 1021 1707 diligentiam,
1042 1659 1107 1694 sed
1127 1659 1237 1695 etiam

67 1712 268 1749 sollertiam
284 1711 374 1761 ejus,
391 1725 412 1749 a
426 1725 499 1761 quo
514 1721 637 1750 essent
655 1713 717 1749 illa
729 1712 896 1749 dimensa
911 1717 1021 1760 atque
1035 1712 1242 1761 descripta:

67 1772 105 1803 et
123 1766 157 1801 ei
178 1765 319 1814 Cyrum
339 1767 596 1815 respondisse:
627 1767 742 1815 Atqui
760 1779 822 1816 eyo
851 1767 973 1802 omnia
997 1767 1069 1802 ista
1087 1779 1166 1802 sum
1186 1766 1243 1802 di-

68 1832 209 1856 mensus
222 1833 233 1861 ‚·
260 1820 330 1856 mei
356 1825 442 1856 sunt
469 1820 625 1865 ordines,
646 1833 722 1857 ‘mea
742 1821 936 1869 descriptio
957 1831 966 1865 ς
995 1820 1118 1856 multoe
1138 1821 1247 1856 etiam

67 1874 223 1909 istarum
240 1874 414 1909 arborum
432 1886 509 1911 ‘mea
523 1887 633 1910 mame
644 1879 728 1911 ,sunt
741 1879 846 1911 saioe.
877 1873 975 1909 Tum
990 1872 1241 1921 Lysandrum,

69 1925 276 1963 intuentem
297 1925 376 1973 ejus
404 1939 606 1976 purpuram
626 1933 664 1964 et
683 1928 841 1964 nitorem
863 1926 1027 1974 corporis
1046 1932 1239 1963 ornatum-

69 1991 142 2027 que
171 1979 358 2015 Persicum
393 1980 510 2017 multo
539 1993 630 2017 auro
658 1980 857 2028 multisque
884 1980 1052 2028 gemmis,
1079 1979 1242 2017 dixisse:

67 2033 176 2070 Recte
194 2044 277 2068 vero
296 2037 340 2075 te,
365 2031 469 2083 Cyre,
498 2035 639 2072 beatum
657 2035 801 2085 ferunt,
829 2035 1000 2082 quoniam
1017 2034 1150 2070 virtuti
1166 2038 1242 2071 tuoe

58 2086 217 2135 fortuna
232 2086 422 2135 conjuncta
439 2092 504 2124 est.
560 2086 622 2125 60.
655 2087 738 2124 Hac
758 2087 874 2136 igitur
892 2087 1043 2124 fortuna
1060 2086 1133 2122 frui
1152 2086 1241 2124 licet

68 2139 218 2175 senibus
239 2151 247 2174 :
279 2151 347 2175 nec
366 2144 455 2176 aetas
473 2140 640 2189 impedit,
661 2153 734 2189 quo
753 2141 875 2177 minus
893 2145 931 2178 et
951 2145 1157 2177 ceterarum
1178 2152 1236 2177 re-

67 2205 162 2236 rum,
184 2198 222 2229 et
240 2192 278 2227 in
299 2192 426 2240 primis
446 2195 525 2241 agri
541 2195 686 2231 colendi
703 2195 826 2232 studia
847 2199 1036 2231 teneamus
1055 2205 1172 2241 usque
1190 2192 1239 2230 ad

67 2244 239 2282 ultimum
255 2252 400 2294 tempus
420 2248 631 2284 senectutis.
688 2248 855 2284 Marcum
876 2247 1024 2295 quidem
1044 2246 1237 2283 Valerium

70 2299 232 2336 Corvum
262 2299 468 2347 accepimus
497 2300 542 2336 ad
572 2302 812 2337 centesimum
841 2313 978 2337 annum
1008 2300 1238 2349 perduxisse,

67 2364 179 2400 quum
199 2357 296 2390 esset
315 2358 398 2390 aeta
410 2352 489 2401 jam
508 2358 619 2391 aetate
638 2355 674 2390 in
696 2355 806 2403 agris,
826 2366 960 2402 eosque
979 2354 1117 2391 coleret
1134 2366 1141 2390 :
1172 2366 1236 2390 eu-
