1496 2671
338 208 412 245 DE
440 206 622 245 BELLO
654 206 903 246 GALLICO
932 206 1037 244 Llss.
1066 207 1100 244 Ι.
1267 209 1308 244 11

123 329 199 366 quo
227 315 287 352 die
314 314 550 351 frumentum
579 314 767 351 militibus
795 315 922 351 metiri
942 319 1150 363 oporteret:
1170 325 1312 350 convon

123 370 218 407 catis
245 380 374 406 eorum
405 367 655 416 principibus,
685 380 849 415 quorum
883 381 1059 416 magnam
1094 367 1243 416 copiam
1270 368 1311 403 in

121 422 256 460 castris
284 421 459 465 habebat,
489 421 529 457 in
561 421 621 457 his
651 420 847 457 Divitiaco
875 427 913 457 et
934 421 1056 465 Lisco,
1078 421 1142 469 qui
1164 432 1313 458 summo

121 475 346 524 magistratu
360 480 521 522 praeerat
535 473 667 523 (quem
677 474 962 523 Vergobretum
973 475 1166 522 appellant
1176 474 1311 517 AEdui,

120 528 186 575 qui
223 533 376 564 creatur
404 540 566 573 annuus,
599 533 637 565 et
667 528 758 564 vitae
793 527 974 576 necisque
1010 527 1051 562 in
1080 540 1168 564 suos
1196 527 1313 563 habet

119 579 379 630 potestatem),
410 581 582 630 graviter
612 593 675 618 eos
704 585 867 625 accusat,
898 580 1011 629 quod,
1042 593 1161 628 quum
1187 592 1312 628 neque

118 634 205 679 emi,
227 646 351 682 neque
371 646 421 671 ex
441 635 546 683 agris
564 634 664 672 sumi
692 639 831 682 posset,
861 640 939 670 tam
969 634 1185 670 necessario
1214 640 1311 670 tem-

118 699 223 736 pore,
253 693 331 724 tam
360 687 586 736 propinquis
614 688 800 732 hostibus,
831 688 878 724 ab
902 687 951 724 iis
971 699 1047 724 non
1071 686 1310 723 sublevetur:

119 741 333 789 praesertim
352 754 473 789 quum
504 743 645 790 magna
672 753 723 778 ex
749 746 858 790 parte
892 753 1024 778 eorum
1045 740 1225 788 precibus
1245 740 1311 776 ad-

119 794 257 831 ductus
283 794 426 831 bellum
459 795 680 843 susceperit,
720 794 842 831 multo
879 794 995 832 etiam
1022 793 1181 842 gravius
1209 793 1312 841 quod

124 847 174 884 sit
193 847 401 884 destitutus
429 848 617 896 queritur.

172 900 312 938 XVII.
344 900 446 937 Tum
466 901 619 938 demum
639 900 787 946 Liscus,
802 901 974 938 oratione
991 899 1153 937 Caesaris
1169 899 1312 936 adduc-

118 959 192 998 tus,
232 954 335 1002 quod
372 959 485 991 antea
520 959 692 992 tacuerat
729 954 924 1003 proponit:
958 953 1056 990 Esse
1092 952 1308 996 nonnullos,

119 1020 284 1056 quorum
304 1008 511 1045 auctoritas
530 1008 632 1056 apud
660 1008 810 1057 plebem
829 1007 1040 1056 plurimum
1067 1006 1211 1049 valeat3
1244 1006 1312 1054 qui

117 1061 302 1110 privatim
339 1061 426 1109 plus
462 1061 609 1110 possint
647 1073 761 1109 quam
799 1061 873 1110 ipsi
910 1060 1169 1108 magistratus,
1229 1059 1312 1096 Hos

118 1112 299 1151 seditiosa
331 1119 446 1162 atque
478 1111 653 1162 improba
686 1114 859 1151 oratione
878 1113 1165 1150 multitudinem
1185 1112 1312 1149 deter-

117 1179 214 1212 rere,
235 1179 283 1204 ne
302 1166 541 1204 frumentum
574 1166 785 1212 conferant,
806 1168 907 1214 quod
928 1173 1108 1215 praestare
1134 1166 1312 1203 debeant.

122 1221 166 1258 Si
186 1219 270 1268 jam
295 1220 558 1269 principatum
585 1219 724 1257 Galliae
748 1221 921 1257 obtinere
939 1232 1015 1257 non
1036 1219 1193 1268 possint,
1217 1217 1313 1256 Gal-

118 1274 246 1310 lorum
265 1286 381 1321 quam
395 1274 663 1311 ‘Romanorum
676 1274 838 1321 imperia
849 1273 1037 1322 perferre:
1057 1285 1182 1320 neque
1198 1272 1310 1309 dubi-

117 1332 201 1364 tare
229 1327 392 1364 debeant
420 1327 526 1376 quin,
557 1327 589 1364 si
619 1327 822 1364 Helvetios
841 1326 1111 1374 superaverint
1133 1326 1309 1370 Romani,

118 1393 196 1417 una
215 1393 302 1417 cum
321 1378 470 1428 reliqua
489 1379 620 1417 Gallia
640 1381 783 1417 AEduis
796 1380 1010 1417 libertatem
1024 1379 1102 1416 sint
1125 1379 1311 1427 erepturi.

118 1434 186 1470 Ab
205 1433 342 1471 iisdem
360 1439 492 1471 nostra
511 1434 681 1479 consilia,
702 1445 864 1482 quaeque
882 1434 924 1469 in
943 1432 1081 1470 castris
1109 1438 1308 1481 gerantur,

117 1487 292 1524 hostibus
325 1487 538 1525 enunciari:
567 1488 637 1524 hos
662 1500 685 1524 a
715 1499 754 1524 se
775 1486 941 1524 coerceri
961 1499 1037 1523 non
1057 1498 1185 1535 posse:
1215 1486 1310 1533 quin

117 1541 245 1585 etiam,
275 1541 376 1588 quod
401 1541 615 1578 necessario
638 1552 721 1578 rem
740 1546 892 1577 coactus
913 1538 1058 1576 Caesari
1077 1539 1307 1583 enunciavit,

117 1593 334 1640 intelligere
362 1606 444 1631 sese
472 1599 617 1643 quanto
644 1594 684 1630 id
713 1606 800 1631 cum
830 1593 1001 1642 periculo
1019 1592 1174 1636 fecerit3
1205 1598 1244 1630 et
1262 1593 1311 1629 ob

120 1659 203 1684 eam
224 1659 376 1684 causam
396 1659 511 1695 quam
531 1647 598 1684 diu
618 1647 788 1696 potuerit
804 1647 980 1684 tacuisse.

172 1699 335 1736 XVIII.
378 1699 507 1738 Caesar
543 1701 616 1738 hac
653 1701 825 1738 orat-ione
861 1700 967 1737 Lisci
1013 1698 1310 1748 Dumnorigem,

117 1752 304 1790 Divitiaci
322 1753 492 1799 fratrem,
514 1754 708 1803 designari
728 1754 934 1791 sentiebat:
956 1753 1032 1797 sed,
1054 1753 1157 1800 quod
1186 1753 1308 1801 pluri-

116 1807 188 1843 bus
215 1807 468 1855 praesentibus
497 1819 560 1845 eas
588 1820 649 1845 res
670 1806 812 1855 jactari
832 1806 998 1852 nolebat,
1019 1807 1197 1843 celeriter
1216 1818 1310 1842 con-

117 1859 249 1897 cilium
276 1860 448 1905 dimittit,
469 1860 626 1898 Liscum
646 1861 803 1897 retinet:
824 1860 960 1908 quaerit
980 1871 1030 1896 ex
1051 1859 1130 1896 solo
1149 1871 1204 1904 ea,
1226 1871 1310 1907 quae

117 1913 158 1949 in
187 1919 380 1950 conventu
415 1914 582 1951 dixerat.
638 1914 746 1951 Dicit
773 1913 933 1951 liberius
971 1918 1087 1961 atque
1115 1913 1310 1950 audacius.

119 1965 267 2003 Eadem
286 1973 432 2004 secreto
453 1968 501 2004 ab
521 1967 606 2004 aliis
626 1967 780 2016 quaerit3
799 1966 943 2015 reperit
959 1978 1041 2003 esse
1057 1977 1163 2002 vera:
1184 1966 1311 2014 ipsum

118 2031 201 2056 esse
221 2019 510 2069 Dumnorigem,
533 2023 682 2058 summa
701 2018 870 2065 audacia,
888 2021 1030 2067 magna
1046 2019 1148 2068 apud
1161 2019 1312 2067 plebem

117 2077 274 2121 propter
291 2073 562 2111 liberalitatem
581 2071 715 2123 gratia,
737 2074 918 2122 cupidum
945 2085 1075 2109 rerum
1104 2084 1310 2109 novarum:

117 2125 333 2173 complures
361 2139 480 2164 annos
508 2128 678 2176 portoria
698 2128 922 2175 reliquaque
942 2126 1070 2162 omnia
1090 2125 1311 2163 AEduorum

120 2178 323 2226 vectigalia
343 2192 462 2227 parvo
481 2181 603 2229 pretio
623 2181 794 2218 redemta
813 2181 964 2224 habere,
986 2184 1190 2227 propterea
1209 2180 1312 2228 quod

116 2231 182 2268 illo
210 2232 350 2269 licente
384 2239 515 2270 contra
543 2234 652 2271 liceri
681 2234 820 2272 audeat
848 2245 972 2271 nemo.
1032 2232 1107 2268 His
1136 2234 1252 2270 rebus
1272 2239 1311 2269 et

117 2297 227 2321 suam
246 2297 327 2321 rem
347 2284 575 2323 familiarem
595 2288 762 2333 auxisse,
782 2294 820 2324 et
839 2287 1041 2324 facultates
1067 2285 1115 2321 ad
1142 2286 1311 2334 largien-

118 2339 209 2374 dum
229 2351 386 2387 magnas
406 2351 658 2388 comparasse:
686 2353 869 2389 magnum
890 2351 1094 2377 numerum
1114 2338 1309 2387 equitatus

117 2403 185 2428 suo
216 2398 343 2428 sumtu
372 2404 522 2441 semper
549 2393 650 2430 alere
679 2400 717 2430 et
745 2395 891 2431 circum
920 2406 960 2431 se
989 2393 1146 2430 habere:
1180 2404 1309 2439 neque

116 2445 237 2481 solum
258 2445 373 2491 domi,
395 2446 459 2482 sed
481 2446 595 2483 etiam
617 2447 717 2495 apud
738 2447 919 2483 finitimas
944 2445 1121 2482 civitates
1150 2445 1309 2493 largiter
