<?xml version="1.0" encoding="UTF-8"?>
<!DOCTYPE html PUBLIC "-//W3C//DTD XHTML 1.0 Transitional//EN"
    "http://www.w3.org/TR/xhtml1/DTD/xhtml1-transitional.dtd">
<html xmlns="http://www.w3.org/1999/xhtml" xml:lang="en" lang="en">
 <head>
  <title>
</title>
<meta http-equiv="Content-Type" content="text/html;charset=utf-8" />
  <meta name='ocr-system' content='tesseract 3.04.00' />
  <meta name='ocr-capabilities' content='ocr_page ocr_carea ocr_par ocr_line ocrx_word'/>
</head>
<body>
  <div class='ocr_page' id='page_1' title='image "./curriculumlatinu01mont_0313.png"; bbox 0 0 1496 2671; ppageno 0'>
   <div class='ocr_carea' id='block_1_1' title="bbox 420 106 1244 166">
    <p class='ocr_par' dir='ltr' id='par_1_1' title="bbox 420 106 1244 166">
     <span class='ocr_line' id='line_1_1' title="bbox 420 106 1244 166; baseline -0.004 -1"><span class='ocrx_word' id='word_1_1' title='bbox 420 125 711 166; x_wconf 76' lang='lat' dir='ltr'><strong>AGRICOLAE</strong></span> <span class='ocrx_word' id='word_1_2' title='bbox 740 125 886 164; x_wconf 78' lang='lat' dir='ltr'>vrrA.</span> <span class='ocrx_word' id='word_1_3' title='bbox 1150 106 1152 108; x_wconf 74' lang='grc'><strong>’</strong></span> <span class='ocrx_word' id='word_1_4' title='bbox 1197 125 1244 163; x_wconf 87' lang='lat'>11</span> 
     </span>
    </p>
   </div>
   <div class='ocr_carea' id='block_1_2' title="bbox 67 233 1273 2418">
    <p class='ocr_par' dir='ltr' id='par_1_2' title="bbox 67 233 1258 965">
     <span class='ocr_line' id='line_1_2' title="bbox 68 233 1246 285; baseline -0.002 -13"><span class='ocrx_word' id='word_1_5' title='bbox 68 235 182 285; x_wconf 76' lang='lat' dir='ltr'>aspici</span> <span class='ocrx_word' id='word_1_6' title='bbox 200 247 267 285; x_wconf 88' lang='lat' dir='ltr'>per</span> <span class='ocrx_word' id='word_1_7' title='bbox 284 239 434 273; x_wconf 86' lang='lat' dir='ltr'>noctem</span> <span class='ocrx_word' id='word_1_8' title='bbox 452 234 538 272; x_wconf 86' lang='lat' dir='ltr'>solis</span> <span class='ocrx_word' id='word_1_9' title='bbox 557 233 754 282; x_wconf 85' lang='lat' dir='ltr'><strong>fulgorem,</strong></span> <span class='ocrx_word' id='word_1_10' title='bbox 776 245 845 270; x_wconf 84' lang='lat' dir='ltr'>nec</span> <span class='ocrx_word' id='word_1_11' title='bbox 873 233 1043 271; x_wconf 83' lang='lat' dir='ltr'>occidere</span> <span class='ocrx_word' id='word_1_12' title='bbox 1062 237 1100 270; x_wconf 87' lang='lat' dir='ltr'>et</span> <span class='ocrx_word' id='word_1_13' title='bbox 1120 245 1246 270; x_wconf 85' lang='lat' dir='ltr'>exsur-</span> 
     </span>
     <span class='ocr_line' id='line_1_3' title="bbox 67 287 1254 338; baseline -0.003 -11"><span class='ocrx_word' id='word_1_14' title='bbox 67 303 167 338; x_wconf 86' lang='lat' dir='ltr'>gere,</span> <span class='ocrx_word' id='word_1_15' title='bbox 200 289 267 326; x_wconf 86' lang='lat' dir='ltr'>sed</span> <span class='ocrx_word' id='word_1_16' title='bbox 293 288 451 325; x_wconf 87' lang='lat' dir='ltr'>transire</span> <span class='ocrx_word' id='word_1_17' title='bbox 480 288 681 324; x_wconf 78' lang='lat' dir='ltr'>adfirmant</span> <span class='ocrx_word' id='word_1_18' title='bbox 701 301 710 324; x_wconf 90' lang='lat'>:</span> <span class='ocrx_word' id='word_1_19' title='bbox 740 288 881 325; x_wconf 76' lang='lat' dir='ltr'><strong>scillcet</strong></span> <span class='ocrx_word' id='word_1_20' title='bbox 900 293 1066 325; x_wconf 78' lang='lat' dir='ltr'>extrema</span> <span class='ocrx_word' id='word_1_21' title='bbox 1085 290 1123 324; x_wconf 89' lang='lat' dir='ltr'>et</span> <span class='ocrx_word' id='word_1_22' title='bbox 1141 287 1254 336; x_wconf 83' lang='lat' dir='ltr'>plana</span> 
     </span>
     <span class='ocr_line' id='line_1_4' title="bbox 67 340 1252 389; baseline -0.003 -9"><span class='ocrx_word' id='word_1_23' title='bbox 67 350 262 387; x_wconf 85' lang='lat' dir='ltr'>terrarum,</span> <span class='ocrx_word' id='word_1_24' title='bbox 283 341 413 378; x_wconf 88' lang='lat' dir='ltr'>humili</span> <span class='ocrx_word' id='word_1_25' title='bbox 433 342 576 384; x_wconf 86' lang='lat' dir='ltr'>umbra,</span> <span class='ocrx_word' id='word_1_26' title='bbox 606 353 683 377; x_wconf 86' lang='lat' dir='ltr'>non</span> <span class='ocrx_word' id='word_1_27' title='bbox 703 342 855 389; x_wconf 82' lang='lat' dir='ltr'>erigunt</span> <span class='ocrx_word' id='word_1_28' title='bbox 874 341 1061 385; x_wconf 77' lang='lat' dir='ltr'><strong>tenebras,</strong></span> <span class='ocrx_word' id='word_1_29' title='bbox 1081 340 1252 388; x_wconf 80' lang='lat' dir='ltr'>infraque</span> 
     </span>
     <span class='ocr_line' id='line_1_5' title="bbox 68 393 1253 442; baseline -0.003 -9"><span class='ocrx_word' id='word_1_30' title='bbox 68 397 198 433; x_wconf 83' lang='lat' dir='ltr'>ooelum</span> <span class='ocrx_word' id='word_1_31' title='bbox 214 400 252 432; x_wconf 87' lang='lat' dir='ltr'>et</span> <span class='ocrx_word' id='word_1_32' title='bbox 266 395 388 431; x_wconf 88' lang='lat' dir='ltr'>sidera</span> <span class='ocrx_word' id='word_1_33' title='bbox 402 407 477 431; x_wconf 79' lang='lat' dir='ltr'>nox</span> <span class='ocrx_word' id='word_1_34' title='bbox 492 394 606 431; x_wconf 86' lang='lat' dir='ltr'>cadit.</span> <span class='ocrx_word' id='word_1_35' title='bbox 677 393 816 437; x_wconf 85' lang='lat' dir='ltr'>Solum,</span> <span class='ocrx_word' id='word_1_36' title='bbox 834 399 972 442; x_wconf 84' lang='lat' dir='ltr'>praeter</span> <span class='ocrx_word' id='word_1_37' title='bbox 986 394 1105 430; x_wconf 87' lang='lat' dir='ltr'>oleam</span> <span class='ocrx_word' id='word_1_38' title='bbox 1119 394 1253 432; x_wconf 88' lang='lat' dir='ltr'>vitem-</span> 
     </span>
     <span class='ocr_line' id='line_1_6' title="bbox 69 447 1252 498; baseline -0.002 -12"><span class='ocrx_word' id='word_1_39' title='bbox 69 462 140 498; x_wconf 89' lang='lat' dir='ltr'>que</span> <span class='ocrx_word' id='word_1_40' title='bbox 159 455 197 486; x_wconf 86' lang='lat' dir='ltr'>et</span> <span class='ocrx_word' id='word_1_41' title='bbox 223 454 349 485; x_wconf 85' lang='lat' dir='ltr'>cetera</span> <span class='ocrx_word' id='word_1_42' title='bbox 367 448 608 485; x_wconf 79' lang='lat' dir='ltr'>calidioribus</span> <span class='ocrx_word' id='word_1_43' title='bbox 634 447 743 484; x_wconf 87' lang='lat' dir='ltr'>terris</span> <span class='ocrx_word' id='word_1_44' title='bbox 759 448 848 483; x_wconf 86' lang='lat' dir='ltr'>oriri</span> <span class='ocrx_word' id='word_1_45' title='bbox 867 452 985 493; x_wconf 85' lang='lat' dir='ltr'>sueta,</span> <span class='ocrx_word' id='word_1_46' title='bbox 1005 447 1147 495; x_wconf 80' lang='lat' dir='ltr'>patiens</span> <span class='ocrx_word' id='word_1_47' title='bbox 1175 448 1252 484; x_wconf 87' lang='lat' dir='ltr'>fru-</span> 
     </span>
     <span class='ocr_line' id='line_1_7' title="bbox 67 501 1251 551; baseline -0.001 -13"><span class='ocrx_word' id='word_1_48' title='bbox 67 514 170 551; x_wconf 88' lang='lat' dir='ltr'>gum,</span> <span class='ocrx_word' id='word_1_49' title='bbox 209 501 434 539; x_wconf 85' lang='lat' dir='ltr'>fecundum:</span> <span class='ocrx_word' id='word_1_50' title='bbox 483 501 590 539; x_wconf 85' lang='lat' dir='ltr'>tarde</span> <span class='ocrx_word' id='word_1_51' title='bbox 634 501 847 544; x_wconf 87' lang='lat' dir='ltr'>mitescunt,</span> <span class='ocrx_word' id='word_1_52' title='bbox 888 501 962 538; x_wconf 88' lang='lat' dir='ltr'>cito</span> <span class='ocrx_word' id='word_1_53' title='bbox 995 501 1220 549; x_wconf 86' lang='lat' dir='ltr'>proveniunt</span> <span class='ocrx_word' id='word_1_54' title='bbox 1244 514 1251 537; x_wconf 78' lang='grc' dir='ltr'>ε</span> 
     </span>
     <span class='ocr_line' id='line_1_8' title="bbox 70 554 1253 604; baseline -0.002 -13"><span class='ocrx_word' id='word_1_55' title='bbox 70 554 274 602; x_wconf 87' lang='lat' dir='ltr'>eademque</span> <span class='ocrx_word' id='word_1_56' title='bbox 293 555 489 604; x_wconf 85' lang='lat' dir='ltr'>utriusque</span> <span class='ocrx_word' id='word_1_57' title='bbox 516 554 571 591; x_wconf 89' lang='lat' dir='ltr'>rei</span> <span class='ocrx_word' id='word_1_58' title='bbox 590 566 712 600; x_wconf 88' lang='lat' dir='ltr'>causa,</span> <span class='ocrx_word' id='word_1_59' title='bbox 734 554 875 590; x_wconf 89' lang='lat' dir='ltr'>multus</span> <span class='ocrx_word' id='word_1_60' title='bbox 904 554 1038 590; x_wconf 88' lang='lat' dir='ltr'>humor</span> <span class='ocrx_word' id='word_1_61' title='bbox 1067 559 1253 591; x_wconf 86' lang='lat' dir='ltr'>terrarum</span> 
     </span>
     <span class='ocr_line' id='line_1_9' title="bbox 70 607 1256 655; baseline -0.001 -11"><span class='ocrx_word' id='word_1_62' title='bbox 70 608 237 655; x_wconf 84' lang='lat' dir='ltr'>coelique.</span> <span class='ocrx_word' id='word_1_63' title='bbox 296 608 386 645; x_wconf 86' lang='lat' dir='ltr'>Fert</span> <span class='ocrx_word' id='word_1_64' title='bbox 415 607 613 646; x_wconf 80' lang='lat' dir='ltr'>Britannia</span> <span class='ocrx_word' id='word_1_65' title='bbox 640 620 786 652; x_wconf 85' lang='lat' dir='ltr'>aurum,</span> <span class='ocrx_word' id='word_1_66' title='bbox 816 612 854 644; x_wconf 88' lang='lat' dir='ltr'>et</span> <span class='ocrx_word' id='word_1_67' title='bbox 873 612 1084 655; x_wconf 79' lang='lat' dir='ltr'>argentum,</span> <span class='ocrx_word' id='word_1_68' title='bbox 1116 612 1154 645; x_wconf 88' lang='lat' dir='ltr'>et</span> <span class='ocrx_word' id='word_1_69' title='bbox 1184 607 1256 644; x_wconf 87' lang='lat' dir='ltr'>alia</span> 
     </span>
     <span class='ocr_line' id='line_1_10' title="bbox 71 660 1254 710; baseline 0 -13"><span class='ocrx_word' id='word_1_70' title='bbox 71 661 233 706; x_wconf 87' lang='lat' dir='ltr'>metalla,</span> <span class='ocrx_word' id='word_1_71' title='bbox 254 661 415 710; x_wconf 86' lang='lat' dir='ltr'>pretium</span> <span class='ocrx_word' id='word_1_72' title='bbox 437 661 602 699; x_wconf 82' lang='lat' dir='ltr'>victoriae</span> <span class='ocrx_word' id='word_1_73' title='bbox 619 674 628 698; x_wconf 70' lang='grc' dir='ltr'>ε</span> <span class='ocrx_word' id='word_1_74' title='bbox 650 661 777 709; x_wconf 82' lang='lat' dir='ltr'>gignit</span> <span class='ocrx_word' id='word_1_75' title='bbox 792 665 830 697; x_wconf 89' lang='lat' dir='ltr'>et</span> <span class='ocrx_word' id='word_1_76' title='bbox 847 660 1023 697; x_wconf 83' lang='lat' dir='ltr'>Oceanus</span> <span class='ocrx_word' id='word_1_77' title='bbox 1039 661 1254 709; x_wconf 72' lang='lat' dir='ltr'>margarita,</span> 
     </span>
     <span class='ocr_line' id='line_1_11' title="bbox 70 714 1257 762; baseline 0 -11"><span class='ocrx_word' id='word_1_78' title='bbox 70 715 136 751; x_wconf 81' lang='lat' dir='ltr'>sed</span> <span class='ocrx_word' id='word_1_79' title='bbox 156 714 331 751; x_wconf 84' lang='lat' dir='ltr'>subfusca</span> <span class='ocrx_word' id='word_1_80' title='bbox 350 727 392 751; x_wconf 85' lang='lat' dir='ltr'>ac</span> <span class='ocrx_word' id='word_1_81' title='bbox 420 714 589 752; x_wconf 82' lang='lat' dir='ltr'>liventia.</span> <span class='ocrx_word' id='word_1_82' title='bbox 646 714 809 759; x_wconf 74' lang='lat' dir='ltr'>Quidam</span> <span class='ocrx_word' id='word_1_83' title='bbox 830 719 949 751; x_wconf 89' lang='lat' dir='ltr'>artem</span> <span class='ocrx_word' id='word_1_84' title='bbox 969 714 1099 750; x_wconf 90' lang='lat' dir='ltr'>abesse</span> <span class='ocrx_word' id='word_1_85' title='bbox 1126 715 1257 762; x_wconf 46' lang='lat' dir='ltr'>legen*</span> 
     </span>
     <span class='ocr_line' id='line_1_12' title="bbox 69 767 1257 816; baseline -0.001 -11"><span class='ocrx_word' id='word_1_86' title='bbox 69 768 171 805; x_wconf 87' lang='lat' dir='ltr'>tibus</span> <span class='ocrx_word' id='word_1_87' title='bbox 197 768 455 813; x_wconf 85' lang='lat' dir='ltr'>arbitrantur3</span> <span class='ocrx_word' id='word_1_88' title='bbox 479 780 566 804; x_wconf 90' lang='lat' dir='ltr'>nam</span> <span class='ocrx_word' id='word_1_89' title='bbox 594 768 634 804; x_wconf 90' lang='lat' dir='ltr'>in</span> <span class='ocrx_word' id='word_1_90' title='bbox 653 768 769 804; x_wconf 87' lang='lat' dir='ltr'>rubro</span> <span class='ocrx_word' id='word_1_91' title='bbox 788 767 882 803; x_wconf 90' lang='lat' dir='ltr'>mari</span> <span class='ocrx_word' id='word_1_92' title='bbox 901 767 986 803; x_wconf 85' lang='lat' dir='ltr'>viva</span> <span class='ocrx_word' id='word_1_93' title='bbox 1003 779 1046 803; x_wconf 91' lang='lat' dir='ltr'>ac</span> <span class='ocrx_word' id='word_1_94' title='bbox 1075 767 1257 816; x_wconf 83' lang='lat' dir='ltr'>spirantia</span> 
     </span>
     <span class='ocr_line' id='line_1_13' title="bbox 70 819 1256 870; baseline -0.002 -12"><span class='ocrx_word' id='word_1_95' title='bbox 70 821 169 858; x_wconf 84' lang='lat' dir='ltr'>saxis</span> <span class='ocrx_word' id='word_1_96' title='bbox 188 821 321 865; x_wconf 85' lang='lat' dir='ltr'>avelli3</span> <span class='ocrx_word' id='word_1_97' title='bbox 351 821 389 857; x_wconf 91' lang='lat' dir='ltr'>in</span> <span class='ocrx_word' id='word_1_98' title='bbox 421 821 629 866; x_wconf 80' lang='lat' dir='ltr'>Britannia,</span> <span class='ocrx_word' id='word_1_99' title='bbox 659 826 773 870; x_wconf 87' lang='lat' dir='ltr'>prout</span> <span class='ocrx_word' id='word_1_100' title='bbox 799 820 954 869; x_wconf 86' lang='lat' dir='ltr'>expulsa</span> <span class='ocrx_word' id='word_1_101' title='bbox 982 819 1068 865; x_wconf 90' lang='lat' dir='ltr'>sint,</span> <span class='ocrx_word' id='word_1_102' title='bbox 1100 820 1226 869; x_wconf 85' lang='lat' dir='ltr'>colligi</span> <span class='ocrx_word' id='word_1_103' title='bbox 1249 836 1256 857; x_wconf 80' lang='lat' dir='ltr'>z</span> 
     </span>
     <span class='ocr_line' id='line_1_14' title="bbox 69 873 1258 924; baseline -0.001 -13"><span class='ocrx_word' id='word_1_104' title='bbox 69 887 142 924; x_wconf 88' lang='lat' dir='ltr'>ego</span> <span class='ocrx_word' id='word_1_105' title='bbox 160 874 304 912; x_wconf 85' lang='lat' dir='ltr'>facilius</span> <span class='ocrx_word' id='word_1_106' title='bbox 323 874 545 911; x_wconf 82' lang='lat' dir='ltr'>crediderim</span> <span class='ocrx_word' id='word_1_107' title='bbox 566 880 739 912; x_wconf 86' lang='lat' dir='ltr'>naturam</span> <span class='ocrx_word' id='word_1_108' title='bbox 758 874 969 923; x_wconf 79' lang='lat' dir='ltr'>margaritis</span> <span class='ocrx_word' id='word_1_109' title='bbox 987 873 1128 920; x_wconf 81' lang='lat' dir='ltr'>deesse,</span> <span class='ocrx_word' id='word_1_110' title='bbox 1148 885 1258 921; x_wconf 85' lang='lat' dir='ltr'>quam</span> 
     </span>
     <span class='ocr_line' id='line_1_15' title="bbox 73 927 410 965; baseline -0.006 0"><span class='ocrx_word' id='word_1_111' title='bbox 73 927 181 965; x_wconf 88' lang='lat' dir='ltr'>nobis</span> <span class='ocrx_word' id='word_1_112' title='bbox 200 928 410 965; x_wconf 86' lang='lat' dir='ltr'>avaritiam.</span> 
     </span>
    </p>

    <p class='ocr_par' dir='ltr' id='par_1_3' title="bbox 70 980 1271 1883">
     <span class='ocr_line' id='line_1_16' title="bbox 128 980 1263 1030; baseline -0.001 -12"><span class='ocrx_word' id='word_1_113' title='bbox 128 981 237 1018; x_wconf 92' lang='lat' dir='ltr'>XIII.</span> <span class='ocrx_word' id='word_1_114' title='bbox 270 981 347 1030; x_wconf 87' lang='lat' dir='ltr'>Ipsi</span> <span class='ocrx_word' id='word_1_115' title='bbox 367 981 543 1019; x_wconf 87' lang='lat' dir='ltr'>Britanni</span> <span class='ocrx_word' id='word_1_116' title='bbox 556 982 755 1027; x_wconf 88' lang='lat' dir='ltr'>delectum,</span> <span class='ocrx_word' id='word_1_117' title='bbox 786 994 829 1018; x_wconf 88' lang='lat' dir='ltr'>ac</span> <span class='ocrx_word' id='word_1_118' title='bbox 848 982 1002 1027; x_wconf 83' lang='lat' dir='ltr'>tributa,</span> <span class='ocrx_word' id='word_1_119' title='bbox 1024 987 1063 1019; x_wconf 90' lang='lat' dir='ltr'>et</span> <span class='ocrx_word' id='word_1_120' title='bbox 1090 980 1263 1029; x_wconf 71' lang='lat' dir='ltr'>injuncta</span> 
     </span>
     <span class='ocr_line' id='line_1_17' title="bbox 70 1034 1265 1084; baseline -0.001 -12"><span class='ocrx_word' id='word_1_121' title='bbox 70 1035 217 1084; x_wconf 89' lang='lat' dir='ltr'>imperii</span> <span class='ocrx_word' id='word_1_122' title='bbox 243 1047 400 1071; x_wconf 87' lang='lat' dir='ltr'>munera</span> <span class='ocrx_word' id='word_1_123' title='bbox 419 1035 580 1084; x_wconf 82' lang='lat' dir='ltr'>impigre</span> <span class='ocrx_word' id='word_1_124' title='bbox 608 1037 763 1080; x_wconf 88' lang='lat' dir='ltr'>obeunt,</span> <span class='ocrx_word' id='word_1_125' title='bbox 785 1036 814 1072; x_wconf 90' lang='lat' dir='ltr'>si</span> <span class='ocrx_word' id='word_1_126' title='bbox 834 1035 983 1083; x_wconf 83' lang='lat' dir='ltr'>injuriae</span> <span class='ocrx_word' id='word_1_127' title='bbox 1014 1035 1165 1072; x_wconf 88' lang='lat' dir='ltr'>absint:</span> <span class='ocrx_word' id='word_1_128' title='bbox 1195 1034 1265 1071; x_wconf 87' lang='lat' dir='ltr'>has·</span> 
     </span>
     <span class='ocr_line' id='line_1_18' title="bbox 77 1087 1266 1138; baseline 0.002 -15"><span class='ocrx_word' id='word_1_129' title='bbox 77 1100 178 1136; x_wconf 81' lang='lat' dir='ltr'>aegre</span> <span class='ocrx_word' id='word_1_130' title='bbox 190 1087 442 1136; x_wconf 86' lang='lat' dir='ltr'>tolerant,jam</span> <span class='ocrx_word' id='word_1_131' title='bbox 458 1089 591 1126; x_wconf 80' lang='lat' dir='ltr'>domiti</span> <span class='ocrx_word' id='word_1_132' title='bbox 606 1095 648 1126; x_wconf 83' lang='lat' dir='ltr'>ut</span> <span class='ocrx_word' id='word_1_133' title='bbox 663 1095 830 1138; x_wconf 81' lang='lat' dir='ltr'>pareant,</span> <span class='ocrx_word' id='word_1_134' title='bbox 848 1089 1015 1125; x_wconf 90' lang='lat' dir='ltr'>nondum</span> <span class='ocrx_word' id='word_1_135' title='bbox 1030 1094 1074 1125; x_wconf 88' lang='lat' dir='ltr'>ut</span> <span class='ocrx_word' id='word_1_136' title='bbox 1089 1087 1266 1125; x_wconf 86' lang='lat' dir='ltr'>serviant.</span> 
     </span>
     <span class='ocr_line' id='line_1_19' title="bbox 73 1139 1260 1190; baseline 0.001 -13"><span class='ocrx_word' id='word_1_137' title='bbox 73 1139 198 1190; x_wconf 84' lang='lat' dir='ltr'>Igitur</span> <span class='ocrx_word' id='word_1_138' title='bbox 234 1142 376 1190; x_wconf 84' lang='lat' dir='ltr'>primus</span> <span class='ocrx_word' id='word_1_139' title='bbox 404 1142 569 1179; x_wconf 89' lang='lat' dir='ltr'>omnium</span> <span class='ocrx_word' id='word_1_140' title='bbox 601 1142 860 1180; x_wconf 83' lang='lat' dir='ltr'>Romanorum</span> <span class='ocrx_word' id='word_1_141' title='bbox 882 1143 991 1179; x_wconf 86' lang='lat' dir='ltr'>divus</span> <span class='ocrx_word' id='word_1_142' title='bbox 1020 1141 1148 1178; x_wconf 84' lang='lat' dir='ltr'>Julius</span> <span class='ocrx_word' id='word_1_143' title='bbox 1176 1154 1260 1178; x_wconf 86' lang='lat' dir='ltr'>cum</span> 
     </span>
     <span class='ocr_line' id='line_1_20' title="bbox 74 1194 1263 1245; baseline 0 -14"><span class='ocrx_word' id='word_1_144' title='bbox 74 1194 244 1232; x_wconf 80' lang='lat' dir='ltr'>exercitu</span> <span class='ocrx_word' id='word_1_145' title='bbox 259 1194 493 1231; x_wconf 84' lang='lat' dir='ltr'>Britanniam</span> <span class='ocrx_word' id='word_1_146' title='bbox 507 1196 927 1245; x_wconf 84' lang='lat' dir='ltr'>ingressus,quanquam</span> <span class='ocrx_word' id='word_1_147' title='bbox 941 1207 1120 1244; x_wconf 86' lang='lat' dir='ltr'>prospera</span> <span class='ocrx_word' id='word_1_148' title='bbox 1133 1207 1263 1244; x_wconf 85' lang='lat' dir='ltr'>pugna</span> 
     </span>
     <span class='ocr_line' id='line_1_21' title="bbox 74 1247 1257 1298; baseline -0.002 -12"><span class='ocrx_word' id='word_1_149' title='bbox 74 1247 252 1286; x_wconf 77' lang='lat' dir='ltr'>terruerit</span> <span class='ocrx_word' id='word_1_150' title='bbox 270 1247 422 1293; x_wconf 88' lang='lat' dir='ltr'>incolas,</span> <span class='ocrx_word' id='word_1_151' title='bbox 444 1260 486 1284; x_wconf 88' lang='lat' dir='ltr'>ac</span> <span class='ocrx_word' id='word_1_152' title='bbox 498 1248 608 1285; x_wconf 83' lang='lat' dir='ltr'>litore</span> <span class='ocrx_word' id='word_1_153' title='bbox 623 1250 767 1297; x_wconf 87' lang='lat' dir='ltr'>potitus</span> <span class='ocrx_word' id='word_1_154' title='bbox 779 1250 839 1294; x_wconf 83' lang='lat' dir='ltr'>sit,</span> <span class='ocrx_word' id='word_1_155' title='bbox 856 1254 982 1298; x_wconf 87' lang='lat' dir='ltr'>potest</span> <span class='ocrx_word' id='word_1_156' title='bbox 996 1249 1117 1285; x_wconf 89' lang='lat' dir='ltr'>videri</span> <span class='ocrx_word' id='word_1_157' title='bbox 1132 1254 1257 1286; x_wconf 81' lang='lat' dir='ltr'>osten—</span> 
     </span>
     <span class='ocr_line' id='line_1_22' title="bbox 77 1301 1260 1350; baseline 0.001 -13"><span class='ocrx_word' id='word_1_158' title='bbox 77 1301 176 1338; x_wconf 87' lang='lat' dir='ltr'>disse</span> <span class='ocrx_word' id='word_1_159' title='bbox 193 1301 363 1350; x_wconf 85' lang='lat' dir='ltr'>posteris,</span> <span class='ocrx_word' id='word_1_160' title='bbox 393 1313 472 1337; x_wconf 88' lang='lat' dir='ltr'>non</span> <span class='ocrx_word' id='word_1_161' title='bbox 491 1301 702 1339; x_wconf 86' lang='lat' dir='ltr'>tradidisse.</span> <span class='ocrx_word' id='word_1_162' title='bbox 761 1303 854 1338; x_wconf 78' lang='lat' dir='ltr'>Mox</span> <span class='ocrx_word' id='word_1_163' title='bbox 881 1303 980 1339; x_wconf 87' lang='lat' dir='ltr'>bella</span> <span class='ocrx_word' id='word_1_164' title='bbox 998 1302 1133 1347; x_wconf 83' lang='lat' dir='ltr'>civilia,</span> <span class='ocrx_word' id='word_1_165' title='bbox 1155 1306 1194 1339; x_wconf 89' lang='lat' dir='ltr'>et</span> <span class='ocrx_word' id='word_1_166' title='bbox 1220 1301 1260 1338; x_wconf 91' lang='lat' dir='ltr'>in</span> 
     </span>
     <span class='ocr_line' id='line_1_23' title="bbox 75 1353 1263 1404; baseline 0.001 -13"><span class='ocrx_word' id='word_1_167' title='bbox 75 1353 344 1403; x_wconf 82' lang='lat' dir='ltr'>rempublicam</span> <span class='ocrx_word' id='word_1_168' title='bbox 380 1366 487 1390; x_wconf 87' lang='lat' dir='ltr'>versa</span> <span class='ocrx_word' id='word_1_169' title='bbox 523 1354 735 1404; x_wconf 85' lang='lat' dir='ltr'>principum</span> <span class='ocrx_word' id='word_1_170' title='bbox 764 1368 878 1399; x_wconf 86' lang='lat' dir='ltr'>arma,</span> <span class='ocrx_word' id='word_1_171' title='bbox 909 1367 952 1392; x_wconf 87' lang='lat' dir='ltr'>ac</span> <span class='ocrx_word' id='word_1_172' title='bbox 979 1355 1095 1403; x_wconf 84' lang='lat' dir='ltr'>longa</span> <span class='ocrx_word' id='word_1_173' title='bbox 1124 1355 1263 1392; x_wconf 91' lang='lat' dir='ltr'>oblivio</span> 
     </span>
     <span class='ocr_line' id='line_1_24' title="bbox 79 1407 1267 1457; baseline 0.001 -13"><span class='ocrx_word' id='word_1_174' title='bbox 79 1407 288 1445; x_wconf 58' lang='lat' dir='ltr'>Britanniae</span> <span class='ocrx_word' id='word_1_175' title='bbox 308 1407 421 1444; x_wconf 87' lang='lat' dir='ltr'>etiam</span> <span class='ocrx_word' id='word_1_176' title='bbox 439 1407 479 1443; x_wconf 88' lang='lat' dir='ltr'>in</span> <span class='ocrx_word' id='word_1_177' title='bbox 492 1419 595 1456; x_wconf 84' lang='lat' dir='ltr'>pace.</span> <span class='ocrx_word' id='word_1_178' title='bbox 653 1408 861 1446; x_wconf 86' lang='lat' dir='ltr'>Consilium</span> <span class='ocrx_word' id='word_1_179' title='bbox 880 1408 919 1444; x_wconf 89' lang='lat' dir='ltr'>id</span> <span class='ocrx_word' id='word_1_180' title='bbox 939 1408 1048 1445; x_wconf 89' lang='lat' dir='ltr'>divus</span> <span class='ocrx_word' id='word_1_181' title='bbox 1065 1408 1267 1457; x_wconf 87' lang='lat' dir='ltr'>Augustus</span> 
     </span>
     <span class='ocr_line' id='line_1_25' title="bbox 80 1460 1267 1510; baseline 0.001 -13"><span class='ocrx_word' id='word_1_182' title='bbox 80 1461 261 1499; x_wconf 84' lang='lat' dir='ltr'>vocabat:</span> <span class='ocrx_word' id='word_1_183' title='bbox 303 1460 476 1497; x_wconf 84' lang='lat' dir='ltr'>Tiberius</span> <span class='ocrx_word' id='word_1_184' title='bbox 513 1468 757 1510; x_wconf 84' lang='lat' dir='ltr'>praeceptum.</span> <span class='ocrx_word' id='word_1_185' title='bbox 814 1461 992 1509; x_wconf 82' lang='lat' dir='ltr'>Agitasse</span> <span class='ocrx_word' id='word_1_186' title='bbox 1021 1461 1154 1498; x_wconf 90' lang='lat' dir='ltr'>Caium</span> <span class='ocrx_word' id='word_1_187' title='bbox 1184 1461 1267 1498; x_wconf 84' lang='lat' dir='ltr'>Cae-</span> 
     </span>
     <span class='ocr_line' id='line_1_26' title="bbox 81 1513 1267 1564; baseline -0.001 -12"><span class='ocrx_word' id='word_1_188' title='bbox 81 1526 200 1552; x_wconf 84' lang='lat' dir='ltr'>sarem</span> <span class='ocrx_word' id='word_1_189' title='bbox 220 1515 268 1551; x_wconf 90' lang='lat' dir='ltr'>de</span> <span class='ocrx_word' id='word_1_190' title='bbox 287 1513 464 1553; x_wconf 86' lang='lat' dir='ltr'>intranda</span> <span class='ocrx_word' id='word_1_191' title='bbox 479 1514 675 1552; x_wconf 83' lang='lat' dir='ltr'>Britannia</span> <span class='ocrx_word' id='word_1_192' title='bbox 688 1515 778 1552; x_wconf 89' lang='lat' dir='ltr'>satis</span> <span class='ocrx_word' id='word_1_193' title='bbox 790 1519 950 1560; x_wconf 78' lang='lat' dir='ltr'>constat,</span> <span class='ocrx_word' id='word_1_194' title='bbox 972 1515 1012 1551; x_wconf 88' lang='lat' dir='ltr'>ni</span> <span class='ocrx_word' id='word_1_195' title='bbox 1029 1515 1141 1552; x_wconf 84' lang='lat' dir='ltr'>velox</span> <span class='ocrx_word' id='word_1_196' title='bbox 1160 1515 1267 1564; x_wconf 86' lang='lat' dir='ltr'>inge—</span> 
     </span>
     <span class='ocr_line' id='line_1_27' title="bbox 79 1566 1267 1616; baseline 0.001 -12"><span class='ocrx_word' id='word_1_197' title='bbox 79 1567 156 1613; x_wconf 89' lang='lat' dir='ltr'>nio,</span> <span class='ocrx_word' id='word_1_198' title='bbox 171 1566 317 1605; x_wconf 89' lang='lat' dir='ltr'>mobilis</span> <span class='ocrx_word' id='word_1_199' title='bbox 330 1567 563 1616; x_wconf 68' lang='lat' dir='ltr'>paenitentia,</span> <span class='ocrx_word' id='word_1_200' title='bbox 578 1573 616 1606; x_wconf 87' lang='lat' dir='ltr'>et</span> <span class='ocrx_word' id='word_1_201' title='bbox 630 1569 805 1616; x_wconf 83' lang='lat' dir='ltr'>ingentes</span> <span class='ocrx_word' id='word_1_202' title='bbox 825 1568 1003 1605; x_wconf 84' lang='lat' dir='ltr'>adversus</span> <span class='ocrx_word' id='word_1_203' title='bbox 1024 1568 1267 1606; x_wconf 84' lang='lat' dir='ltr'>Germaniam</span> 
     </span>
     <span class='ocr_line' id='line_1_28' title="bbox 80 1621 1263 1670; baseline 0.001 -13"><span class='ocrx_word' id='word_1_204' title='bbox 80 1626 239 1659; x_wconf 85' lang='lat' dir='ltr'>conatus</span> <span class='ocrx_word' id='word_1_205' title='bbox 256 1621 395 1658; x_wconf 87' lang='lat' dir='ltr'>frustra</span> <span class='ocrx_word' id='word_1_206' title='bbox 413 1621 583 1659; x_wconf 82' lang='lat' dir='ltr'>fuissent.</span> <span class='ocrx_word' id='word_1_207' title='bbox 638 1622 762 1659; x_wconf 89' lang='lat' dir='ltr'>Divus</span> <span class='ocrx_word' id='word_1_208' title='bbox 783 1621 963 1659; x_wconf 87' lang='lat' dir='ltr'>Claudius</span> <span class='ocrx_word' id='word_1_209' title='bbox 979 1627 1111 1659; x_wconf 83' lang='lat' dir='ltr'>auctor</span> <span class='ocrx_word' id='word_1_210' title='bbox 1130 1622 1263 1670; x_wconf 87' lang='lat' dir='ltr'>operis,</span> 
     </span>
     <span class='ocr_line' id='line_1_29' title="bbox 79 1674 1268 1724; baseline 0.001 -13"><span class='ocrx_word' id='word_1_211' title='bbox 79 1675 302 1712; x_wconf 84' lang='lat' dir='ltr'>transvectis</span> <span class='ocrx_word' id='word_1_212' title='bbox 316 1674 528 1723; x_wconf 81' lang='lat' dir='ltr'>legionibus</span> <span class='ocrx_word' id='word_1_213' title='bbox 542 1675 775 1723; x_wconf 81' lang='lat' dir='ltr'>auxiliisque,</span> <span class='ocrx_word' id='word_1_214' title='bbox 790 1680 828 1713; x_wconf 89' lang='lat' dir='ltr'>et</span> <span class='ocrx_word' id='word_1_215' title='bbox 843 1675 1045 1724; x_wconf 86' lang='lat' dir='ltr'>adsumpto</span> <span class='ocrx_word' id='word_1_216' title='bbox 1064 1675 1104 1711; x_wconf 89' lang='lat' dir='ltr'>in</span> <span class='ocrx_word' id='word_1_217' title='bbox 1122 1680 1268 1723; x_wconf 84' lang='lat' dir='ltr'>partem</span> 
     </span>
     <span class='ocr_line' id='line_1_30' title="bbox 80 1728 1268 1777; baseline 0.001 -13"><span class='ocrx_word' id='word_1_218' title='bbox 80 1740 205 1765; x_wconf 89' lang='lat' dir='ltr'>rerum</span> <span class='ocrx_word' id='word_1_219' title='bbox 226 1728 458 1777; x_wconf 85' lang='lat' dir='ltr'>Vespasiano</span> <span class='ocrx_word' id='word_1_220' title='bbox 476 1741 483 1764; x_wconf 92' lang='lat'><strong>:</strong></span> <span class='ocrx_word' id='word_1_221' title='bbox 514 1730 617 1777; x_wconf 85' lang='lat' dir='ltr'>quod</span> <span class='ocrx_word' id='word_1_222' title='bbox 636 1729 786 1767; x_wconf 85' lang='lat' dir='ltr'>initium</span> <span class='ocrx_word' id='word_1_223' title='bbox 808 1734 977 1766; x_wconf 86' lang='lat' dir='ltr'>venturae</span> <span class='ocrx_word' id='word_1_224' title='bbox 998 1741 1086 1765; x_wconf 80' lang='lat' dir='ltr'>mox</span> <span class='ocrx_word' id='word_1_225' title='bbox 1104 1728 1268 1766; x_wconf 83' lang='lat' dir='ltr'>fortunae</span> 
     </span>
     <span class='ocr_line' id='line_1_31' title="bbox 81 1780 1271 1832; baseline 0.001 -14"><span class='ocrx_word' id='word_1_226' title='bbox 81 1780 174 1819; x_wconf 85' lang='lat' dir='ltr'>fuit:</span> <span class='ocrx_word' id='word_1_227' title='bbox 205 1781 357 1819; x_wconf 82' lang='lat' dir='ltr'>domitae</span> <span class='ocrx_word' id='word_1_228' title='bbox 387 1786 533 1830; x_wconf 78' lang='lat' dir='ltr'>gentes,</span> <span class='ocrx_word' id='word_1_229' title='bbox 572 1783 673 1832; x_wconf 88' lang='lat' dir='ltr'>capti</span> <span class='ocrx_word' id='word_1_230' title='bbox 710 1795 829 1832; x_wconf 81' lang='lat' dir='ltr'>reges,</span> <span class='ocrx_word' id='word_1_231' title='bbox 859 1787 898 1819; x_wconf 90' lang='lat' dir='ltr'>et</span> <span class='ocrx_word' id='word_1_232' title='bbox 922 1787 1154 1820; x_wconf 86' lang='lat' dir='ltr'>monstratus</span> <span class='ocrx_word' id='word_1_233' title='bbox 1182 1781 1271 1819; x_wconf 75' lang='lat' dir='ltr'>fatis</span> 
     </span>
     <span class='ocr_line' id='line_1_32' title="bbox 84 1834 349 1883; baseline 0.011 -13"><span class='ocrx_word' id='word_1_234' title='bbox 84 1834 349 1883; x_wconf 85' lang='lat' dir='ltr'>Vespasianus.</span> 
     </span>
    </p>

    <p class='ocr_par' dir='ltr' id='par_1_4' title="bbox 85 1887 1273 2418">
     <span class='ocr_line' id='line_1_33' title="bbox 138 1887 1269 1938; baseline 0.001 -14"><span class='ocrx_word' id='word_1_235' title='bbox 138 1887 246 1924; x_wconf 90' lang='lat' dir='ltr'>XIV.</span> <span class='ocrx_word' id='word_1_236' title='bbox 277 1889 539 1927; x_wconf 85' lang='lat' dir='ltr'>Consularium</span> <span class='ocrx_word' id='word_1_237' title='bbox 574 1889 715 1938; x_wconf 88' lang='lat' dir='ltr'>primus</span> <span class='ocrx_word' id='word_1_238' title='bbox 754 1888 878 1926; x_wconf 88' lang='lat' dir='ltr'>Aulus</span> <span class='ocrx_word' id='word_1_239' title='bbox 911 1887 1081 1926; x_wconf 88' lang='lat' dir='ltr'>Plautius</span> <span class='ocrx_word' id='word_1_240' title='bbox 1119 1900 1269 1937; x_wconf 83' lang='lat' dir='ltr'>praepo-</span> 
     </span>
     <span class='ocr_line' id='line_1_34' title="bbox 85 1941 1267 1992; baseline 0 -14"><span class='ocrx_word' id='word_1_241' title='bbox 85 1941 188 1986; x_wconf 85' lang='lat' dir='ltr'>situs,</span> <span class='ocrx_word' id='word_1_242' title='bbox 209 1953 252 1979; x_wconf 89' lang='lat' dir='ltr'>ac</span> <span class='ocrx_word' id='word_1_243' title='bbox 267 1943 428 1980; x_wconf 87' lang='lat' dir='ltr'>subinde</span> <span class='ocrx_word' id='word_1_244' title='bbox 457 1943 633 1980; x_wconf 90' lang='lat' dir='ltr'>Ostorius</span> <span class='ocrx_word' id='word_1_245' title='bbox 655 1943 829 1992; x_wconf 82' lang='lat' dir='ltr'>Scapula,</span> <span class='ocrx_word' id='word_1_246' title='bbox 849 1946 1011 1991; x_wconf 83' lang='lat' dir='ltr'>uterque</span> <span class='ocrx_word' id='word_1_247' title='bbox 1030 1941 1131 1978; x_wconf 89' lang='lat' dir='ltr'>bello</span> <span class='ocrx_word' id='word_1_248' title='bbox 1160 1954 1267 1990; x_wconf 87' lang='lat' dir='ltr'>egre—</span> 
     </span>
     <span class='ocr_line' id='line_1_35' title="bbox 86 1994 1273 2045; baseline 0.003 -15"><span class='ocrx_word' id='word_1_249' title='bbox 86 1994 194 2042; x_wconf 83' lang='lat' dir='ltr'>gius3</span> <span class='ocrx_word' id='word_1_250' title='bbox 210 1995 436 2045; x_wconf 85' lang='lat' dir='ltr'>redactaque</span> <span class='ocrx_word' id='word_1_251' title='bbox 457 1996 701 2045; x_wconf 86' lang='lat' dir='ltr'>paullatimin</span> <span class='ocrx_word' id='word_1_252' title='bbox 713 1997 871 2033; x_wconf 86' lang='lat' dir='ltr'>formam</span> <span class='ocrx_word' id='word_1_253' title='bbox 884 1995 1086 2045; x_wconf 86' lang='lat' dir='ltr'>provinciae</span> <span class='ocrx_word' id='word_1_254' title='bbox 1102 1995 1273 2044; x_wconf 79' lang='lat' dir='ltr'>proxima</span> 
     </span>
     <span class='ocr_line' id='line_1_36' title="bbox 87 2046 1269 2100; baseline 0.002 -16"><span class='ocrx_word' id='word_1_255' title='bbox 87 2059 174 2097; x_wconf 87' lang='lat' dir='ltr'>pars</span> <span class='ocrx_word' id='word_1_256' title='bbox 193 2046 430 2087; x_wconf 80' lang='lat' dir='ltr'>Britanniae:</span> <span class='ocrx_word' id='word_1_257' title='bbox 461 2050 592 2087; x_wconf 82' lang='lat' dir='ltr'>addita</span> <span class='ocrx_word' id='word_1_258' title='bbox 619 2050 772 2100; x_wconf 83' lang='lat' dir='ltr'>insuper</span> <span class='ocrx_word' id='word_1_259' title='bbox 800 2056 1064 2087; x_wconf 88' lang='lat' dir='ltr'>veteranorum</span> <span class='ocrx_word' id='word_1_260' title='bbox 1091 2048 1269 2086; x_wconf 85' lang='lat' dir='ltr'>colonia:</span> 
     </span>
     <span class='ocr_line' id='line_1_37' title="bbox 90 2101 1271 2152; baseline 0.001 -15"><span class='ocrx_word' id='word_1_261' title='bbox 90 2101 261 2148; x_wconf 82' lang='lat' dir='ltr'>quaedam</span> <span class='ocrx_word' id='word_1_262' title='bbox 282 2101 452 2140; x_wconf 84' lang='lat' dir='ltr'>civitates</span> <span class='ocrx_word' id='word_1_263' title='bbox 481 2103 682 2152; x_wconf 83' lang='lat' dir='ltr'>Cogiduno</span> <span class='ocrx_word' id='word_1_264' title='bbox 701 2104 782 2152; x_wconf 81' lang='lat' dir='ltr'>regi</span> <span class='ocrx_word' id='word_1_265' title='bbox 801 2103 952 2140; x_wconf 87' lang='lat' dir='ltr'>donatae</span> <span class='ocrx_word' id='word_1_266' title='bbox 976 2101 1022 2152; x_wconf 86' lang='lat' dir='ltr'>(is</span> <span class='ocrx_word' id='word_1_267' title='bbox 1037 2101 1085 2138; x_wconf 87' lang='lat' dir='ltr'>ad</span> <span class='ocrx_word' id='word_1_268' title='bbox 1104 2107 1271 2139; x_wconf 88' lang='lat' dir='ltr'>nostram</span> 
     </span>
     <span class='ocr_line' id='line_1_38' title="bbox 86 2154 1269 2207; baseline 0 -16"><span class='ocrx_word' id='word_1_269' title='bbox 86 2166 205 2203; x_wconf 86' lang='lat' dir='ltr'>usque</span> <span class='ocrx_word' id='word_1_270' title='bbox 223 2155 438 2192; x_wconf 85' lang='lat' dir='ltr'>memoriam</span> <span class='ocrx_word' id='word_1_271' title='bbox 465 2156 664 2194; x_wconf 84' lang='lat' dir='ltr'>fidissimus</span> <span class='ocrx_word' id='word_1_272' title='bbox 682 2156 850 2207; x_wconf 82' lang='lat' dir='ltr'>mansit),</span> <span class='ocrx_word' id='word_1_273' title='bbox 878 2162 1006 2193; x_wconf 81' lang='lat' dir='ltr'>vetere</span> <span class='ocrx_word' id='word_1_274' title='bbox 1022 2168 1065 2193; x_wconf 86' lang='lat' dir='ltr'>ac</span> <span class='ocrx_word' id='word_1_275' title='bbox 1087 2154 1168 2204; x_wconf 87' lang='lat' dir='ltr'>jam</span> <span class='ocrx_word' id='word_1_276' title='bbox 1193 2155 1269 2203; x_wconf 88' lang='lat' dir='ltr'>pri-</span> 
     </span>
     <span class='ocr_line' id='line_1_39' title="bbox 88 2206 1272 2258; baseline 0.002 -14"><span class='ocrx_word' id='word_1_277' title='bbox 88 2206 175 2244; x_wconf 86' lang='lat' dir='ltr'>dem</span> <span class='ocrx_word' id='word_1_278' title='bbox 202 2213 351 2257; x_wconf 81' lang='lat' dir='ltr'>recepta</span> <span class='ocrx_word' id='word_1_279' title='bbox 382 2209 511 2258; x_wconf 86' lang='lat' dir='ltr'>populi</span> <span class='ocrx_word' id='word_1_280' title='bbox 538 2210 702 2248; x_wconf 84' lang='lat' dir='ltr'>Romani</span> <span class='ocrx_word' id='word_1_281' title='bbox 729 2209 1014 2254; x_wconf 86' lang='lat' dir='ltr'>consuetudine,</span> <span class='ocrx_word' id='word_1_282' title='bbox 1044 2213 1087 2246; x_wconf 91' lang='lat' dir='ltr'>ut</span> <span class='ocrx_word' id='word_1_283' title='bbox 1114 2208 1272 2246; x_wconf 80' lang='lat' dir='ltr'>haberet</span> 
     </span>
     <span class='ocr_line' id='line_1_40' title="bbox 89 2260 1272 2313; baseline 0.002 -18"><span class='ocrx_word' id='word_1_284' title='bbox 89 2260 338 2299; x_wconf 85' lang='lat' dir='ltr'>instrumenta</span> <span class='ocrx_word' id='word_1_285' title='bbox 351 2263 542 2300; x_wconf 86' lang='lat' dir='ltr'>servitutis</span> <span class='ocrx_word' id='word_1_286' title='bbox 557 2268 595 2300; x_wconf 89' lang='lat' dir='ltr'>et</span> <span class='ocrx_word' id='word_1_287' title='bbox 606 2276 725 2313; x_wconf 84' lang='lat' dir='ltr'>reges.</span> <span class='ocrx_word' id='word_1_288' title='bbox 756 2264 849 2301; x_wconf 84' lang='lat' dir='ltr'>Mox</span> <span class='ocrx_word' id='word_1_289' title='bbox 862 2263 1001 2300; x_wconf 88' lang='lat' dir='ltr'>Didius</span> <span class='ocrx_word' id='word_1_290' title='bbox 1018 2261 1151 2299; x_wconf 85' lang='lat' dir='ltr'>Gallus</span> <span class='ocrx_word' id='word_1_291' title='bbox 1162 2265 1272 2310; x_wconf 80' lang='lat' dir='ltr'>parta.</span> 
     </span>
     <span class='ocr_line' id='line_1_41' title="bbox 88 2313 1269 2365; baseline 0.001 -16"><span class='ocrx_word' id='word_1_292' title='bbox 88 2325 112 2348; x_wconf 85' lang='lat' dir='ltr'>a</span> <span class='ocrx_word' id='word_1_293' title='bbox 129 2313 313 2362; x_wconf 85' lang='lat' dir='ltr'>prioribus</span> <span class='ocrx_word' id='word_1_294' title='bbox 328 2315 526 2362; x_wconf 85' lang='lat' dir='ltr'>continuit,</span> <span class='ocrx_word' id='word_1_295' title='bbox 547 2318 674 2365; x_wconf 87' lang='lat' dir='ltr'>paucis</span> <span class='ocrx_word' id='word_1_296' title='bbox 692 2318 896 2355; x_wconf 86' lang='lat' dir='ltr'>admodum</span> <span class='ocrx_word' id='word_1_297' title='bbox 916 2316 1077 2354; x_wconf 86' lang='lat' dir='ltr'>castellis</span> <span class='ocrx_word' id='word_1_298' title='bbox 1104 2315 1145 2352; x_wconf 88' lang='lat' dir='ltr'>in</span> <span class='ocrx_word' id='word_1_299' title='bbox 1172 2314 1269 2351; x_wconf 89' lang='lat' dir='ltr'>ulte-</span> 
     </span>
     <span class='ocr_line' id='line_1_42' title="bbox 88 2366 1270 2418; baseline 0.001 -16"><span class='ocrx_word' id='word_1_300' title='bbox 88 2366 187 2404; x_wconf 82' lang='lat' dir='ltr'>riora</span> <span class='ocrx_word' id='word_1_301' title='bbox 212 2369 404 2417; x_wconf 86' lang='lat' dir='ltr'>promotis,</span> <span class='ocrx_word' id='word_1_302' title='bbox 434 2381 500 2418; x_wconf 87' lang='lat' dir='ltr'>per</span> <span class='ocrx_word' id='word_1_303' title='bbox 527 2381 610 2417; x_wconf 82' lang='lat' dir='ltr'>quae</span> <span class='ocrx_word' id='word_1_304' title='bbox 637 2371 736 2409; x_wconf 85' lang='lat' dir='ltr'>fama</span> <span class='ocrx_word' id='word_1_305' title='bbox 753 2370 855 2410; x_wconf 84' lang='lat' dir='ltr'>aucti</span> <span class='ocrx_word' id='word_1_306' title='bbox 883 2370 995 2408; x_wconf 82' lang='lat' dir='ltr'>officii</span> <span class='ocrx_word' id='word_1_307' title='bbox 1023 2372 1270 2418; x_wconf 80' lang='lat' dir='ltr'>quaereretur.</span> 
     </span>
    </p>
   </div>
  </div>
 </body>
</html>
