1496 2671
219 343 372 400 oNffl
407 342 574 401 JULII
611 343 947 401 AGRJGOLAE
989 344 1164 412 VITA,

588 511 804 538 SCRIPTORE

240 617 331 666 CA
343 617 416 667 10
452 616 821 668 CORNELIO
855 617 1148 666 TACITO.

151 864 184 901 1.
205 863 430 902 ChARORUM
444 863 610 900 virorum
623 863 722 901 facta
736 874 933 912 moresque
945 862 1105 912 posteris
1120 862 1283 908 tradere,

101 917 310 968 antiquitus
326 917 517 964 usitatum,
533 929 582 954 ne
596 917 735 954 nostris
750 916 900 966 quidem
916 916 1287 965 temporibus,quan-

95 984 207 1021 quam
234 971 422 1009 incuriosa
459 983 612 1008 suorum
641 974 733 1008 aetas
771 970 908 1015 omisit,
943 969 1117 1019 quotiens
1145 982 1284 1018 magna

97 1024 222 1073 aliqua
240 1037 283 1062 ac
301 1024 438 1061 nobilis
465 1024 585 1062 virtus
614 1023 704 1062 vicit
723 1035 766 1060 ac
795 1035 1034 1072 supergressa
1062 1027 1118 1061 est
1138 1023 1282 1068 vitium,

97 1078 222 1128 parvis
237 1078 458 1127 magnisque
473 1076 687 1115 civitatibus
700 1089 908 1122 commune,
925 1076 1179 1126 ignorantiam
1195 1076 1286 1114 recti

97 1136 136 1169 et
153 1131 350 1169 invidiam.
380 1131 455 1168 Sed
471 1131 571 1180 apud
585 1131 739 1180 priores,
755 1135 798 1169 ut
815 1143 926 1179 agere
944 1135 1155 1168 memoratu
1170 1130 1288 1179 digna

94 1197 255 1234 pronum
275 1183 468 1234 magisque
486 1185 526 1221 in
546 1189 676 1233 aperto
697 1188 799 1228 erat3
827 1185 882 1222 ita
901 1184 1166 1222 celeberrimus
1180 1183 1281 1233 quis-

98 1250 170 1288 que
188 1238 353 1287 ingenio,
370 1238 418 1275 ad
437 1238 671 1287 prodendam
691 1237 841 1276 virtutis
861 1237 1089 1283 memoriam,
1104 1237 1184 1275 sine
1201 1249 1285 1286 gra-

95 1292 149 1329 tia
167 1296 234 1330 aut
248 1291 464 1337 ambitione,
478 1291 588 1329 bonoe
605 1294 755 1329 tantum
771 1291 1009 1329 conscientiae
1024 1291 1158 1340 pretio,
1175 1291 1289 1328 duce-

98 1345 222 1383 batur.
279 1345 338 1382 Ac
356 1345 526 1394 plerique
553 1356 659 1381 suam
686 1344 758 1394 ipsi
777 1344 892 1381 vitam
919 1357 1083 1391 narrare,
1112 1344 1288 1382 fiduciam

97 1398 224 1448 potius
242 1409 401 1445 morum,
424 1411 535 1448 quam
555 1397 809 1446 arrogantiam
828 1398 1001 1436 arbitrati
1020 1402 1108 1435 sunt
1128 1411 1136 1435 :
1158 1410 1228 1435 nec
1247 1398 1287 1434 id

99 1451 247 1490 Rutilio
266 1456 305 1490 et
318 1451 460 1489 Scauro
480 1452 573 1489 citra
587 1451 711 1497 fidem,
729 1456 794 1489 aut
806 1451 1070 1489 obtrectationi
1082 1451 1153 1489 fuit
1169 1465 1177 1488 :
1193 1451 1288 1488 adeo

95 1505 255 1543 virtutes
283 1505 416 1543 iisdem
443 1504 676 1555 temporibus
704 1504 845 1553 optime
873 1505 1119 1551 aestimantur,
1150 1504 1285 1553 quibus

97 1558 273 1597 facillime
308 1559 533 1608 gignuntur.
590 1557 644 1596 At
679 1558 771 1595 mihi
799 1570 912 1604 nunc,
942 1563 1141 1596 narraturo
1169 1558 1285 1596 vitam

101 1612 270 1650 defuncti
286 1612 459 1659 hominis,
480 1612 590 1650 venia
609 1625 702 1661 opus
729 1611 801 1650 fuit
822 1623 829 1647 :
860 1623 969 1659 quam
989 1624 1067 1648 non
1095 1612 1282 1661 petissem,

99 1665 139 1703 ni
158 1670 373 1704 cursaturus
392 1671 469 1704 tam
489 1678 587 1703 saeva
606 1671 643 1703 et
662 1665 798 1703 infesta
816 1665 1019 1703 virtutibus
1047 1670 1232 1714 tempora.

150 1719 204 1756 ΙΙ.
233 1719 427 1769 Legimus,
454 1732 537 1757 cum
569 1719 737 1756 Aruleno
766 1718 925 1756 Rustico
956 1719 1085 1757 Paetus
1106 1718 1283 1764 Thrasea,

99 1770 297 1810 Herennio
326 1773 523 1811 Senecioni
562 1772 711 1810 Priscus
739 1772 941 1810 Helvidius
968 1772 1114 1810 laudati
1141 1777 1278 1817 essent,

97 1826 257 1876 capitale
280 1826 418 1865 fuisse:
448 1839 568 1875 neque
593 1826 634 1863 in
661 1826 761 1876 ipsos
787 1826 900 1864 modo
937 1831 1119 1871 auctores,
1150 1826 1216 1863 sed
1243 1825 1283 1862 in

96 1879 211 1917 libros
229 1892 378 1930 quoque
397 1892 527 1918 eorum
544 1879 727 1925 saevitum,
745 1880 920 1928 delegato
931 1879 1136 1918 triumviris
1155 1879 1282 1916 minis-

97 1933 205 1979 terio,
221 1938 266 1972 ut
275 1934 507 1972 monimenta
521 1933 807 1971 clarissimorum
822 1933 1060 1982 ingeniorum
1075 1933 1115 1970 in
1130 1932 1283 1970 comitio

99 1999 142 2023 ac
152 1985 233 2024 foro
248 1992 457 2026 urerentur.
471 1987 621 2025 Scilicet
634 1987 699 2024 illo
717 1987 807 2036 igne
818 1999 947 2024 vocem
960 1986 1089 2036 populi
1105 1986 1283 2032 Romani,

99 2045 138 2078 et
165 2040 376 2079 libertatem
405 2045 568 2089 senatus,
599 2044 637 2079 et
664 2041 930 2078 conscientiam
958 2039 1107 2089 generis
1127 2039 1281 2078 humani

100 2093 241 2132 aboleri
259 2094 551 2141 arbitrabantur,
572 2095 736 2145 expulsis
754 2095 907 2143 insuper
926 2094 1119 2144 sapientiae
1139 2094 1282 2143 profes„

99 2147 257 2192 soribus,
274 2152 388 2197 atque
407 2149 508 2185 omni
533 2149 633 2187 bona
652 2153 733 2186 arte
751 2148 792 2185 in
806 2148 977 2185 exsilium
997 2152 1091 2194 acta,
1120 2160 1169 2184 ne
1189 2147 1280 2196 quid

98 2211 255 2250 usquam
273 2200 473 2239 honestum
492 2207 715 2240 occurreret.
746 2201 932 2239 Dedimus
950 2201 1118 2251 profecto
1136 2200 1282 2250 grande

98 2253 291 2304 patientiae
312 2253 580 2293 documentum
600 2269 609 2293 ε
639 2260 678 2293 et
704 2255 801 2293 sieut
818 2261 927 2293 votus
946 2259 1036 2292 aetas
1053 2254 1161 2301 vidit,
1192 2253 1283 2303 quid

98 2307 273 2345 ultimum
308 2308 349 2344 in
375 2308 549 2346 libertate
578 2314 696 2354 esset3
725 2310 780 2347 ita
807 2321 875 2346 nos
904 2308 994 2358 quid
1021 2309 1062 2345 in
1087 2307 1283 2351 servitute,

98 2361 275 2409 adempto
293 2373 359 2411 per
377 2361 637 2410 inquisitiones
656 2368 694 2400 et
708 2362 887 2410 loquendi
905 2361 1158 2408 audiendique
1176 2373 1276 2397 com-

98 2414 249 2455 mercio.
306 2415 526 2453 Memoriam
553 2427 700 2465 quoque
731 2416 850 2465 ipsam
878 2428 961 2454 cum
980 2427 1071 2453 voce
1098 2413 1282 2464 perdidi&
