1496 2671
514 176 875 217 ALCIBIADES.
1238 176 1289 211 25

106 291 205 331 CAP.
228 287 301 326 IV.
358 286 578 324 Alcibiades
605 287 756 323 domum
776 289 929 321 vocatus
957 283 1170 328 devovetur,
1191 282 1293 318 ideo-2

450 353 522 390 que
547 339 761 390 Spartanis
779 338 947 375 inservit.

162 419 256 457 Hoc
275 418 436 456 crimine
455 417 495 453 in
514 417 698 454 concione
718 416 765 452 ab
793 414 961 452 inimicis
978 412 1295 461 compellabatur,

109 473 188 512 Sed
206 473 375 510 instabat
403 478 554 519 tempus
574 471 622 508 ad
649 469 793 506 bellum
822 467 1100 516 proficiscendi.
1157 466 1204 502 Id
1231 465 1298 502 ille

106 528 273 571 intuens,
291 538 416 574 neque
434 525 617 574 ignorans
631 523 777 560 civium
797 533 952 559 suorum
968 519 1296 564 consuetudinem,

107 581 326 630 postulabat
345 584 398 624 ut,
419 579 453 614 si
471 579 567 627 quid
583 578 629 613 de
647 589 685 613 se
705 576 772 624 ayi
791 575 939 620 vellent,
955 573 1088 623 potius
1108 574 1154 609 de
1175 585 1299 622 prae-

107 635 205 670 senti
223 633 393 682 quaestio
413 631 628 676 habereezcr,
658 642 775 680 quam
795 628 929 665 absens
956 627 1126 664 invidiae
1144 626 1301 663 erimine

108 692 369 724 accusaretur.
427 685 582 722 Inimici
603 697 694 722 vero
715 682 810 731 ejus,
831 681 1108 731 quiescendum
1129 681 1169 716 in
1189 692 1301 728 prae-

108 741 220 786 senti,
241 740 332 789 quia
351 751 489 777 nocere
509 751 548 775 se
567 738 603 775 ei
622 751 698 775 non
718 749 828 786 posse
848 735 1129 784 intelligebant,
1149 739 1187 771 et.
1206 733 1303 769 illud

110 802 261 843 tempus
281 793 563 842 expectandum
592 792 857 834 decreverunt,
878 802 955 838 quo
984 788 1155 832 exiisset,
1178 793 1221 824 ut
1250 787 1304 823 sic

109 850 313 885 absentem
333 847 654 896 aggrederentur;
683 845 814 892 itaque
833 844 1020 881 fecerunt.
1078 839 1179 879 Nam
1199 846 1304 890 post—

109 914 227 950 quam
245 901 287 936 in
319 900 490 938 Siciliam
515 912 604 936 eum
631 898 852 947 pervenisse
881 897 1137 939 crediderunt,
1168 896 1304 932 absen-

113 962 203 1000 tem,
224 954 330 1004 quod
346 966 462 990 sacra
491 950 678 997 videsset,
698 964 808 989 reum
836 951 1022 988 fecerunt.
1082 948 1170 995 Qua
1193 949 1240 985 (le
1264 960 1306 984 re

112 1021 233 1056 quum
253 1009 289 1045 ei
308 1008 468 1044 nuntius
486 1019 510 1044 a
529 1006 752 1055 magistratu
772 1005 813 1041 in
843 1004 1015 1043 Siciliam
1034 1003 1174 1040 missus
1193 1009 1305 1045 esset,

117 1069 159 1099 ut
192 1062 348 1098 domum
380 1061 429 1098 ad
459 1072 612 1097 causam
642 1059 843 1096 dicendam
873 1058 1030 1102 rediret,
1059 1062 1238 1103 essetque
1266 1056 1306 1091 in

115 1113 255 1163 magna
275 1126 341 1162 spe
361 1113 583 1162 provinciae
602 1113 700 1150 bene
719 1111 1054 1157 administrandae,
1075 1123 1153 1147 non
1173 1122 1309 1158 parere

118 1169 253 1213 noluit,
274 1174 313 1205 et
340 1168 382 1204 in
402 1167 611 1212 triremem,
631 1178 730 1214 quae
750 1166 798 1202 ad
818 1178 908 1202 eum
925 1164 1204 1214 deportandum
1225 1168 1309 1200 erat

117 1222 243 1267 missa,
265 1221 435 1259 ascendit
443 1236 453 1264 3
481 1233 525 1258 ac
541 1220 710 1256 Thurios
724 1219 765 1255 in
780 1219 935 1255 Italiam
954 1223 1170 1267 pervectus,
1188 1217 1310 1253 multa

117 1288 245 1313 secum
266 1281 449 1323 reputans
469 1275 516 1311 de
535 1270 785 1310 immoderate
800 1272 943 1309 civium
965 1284 1122 1308 suorum
1141 1267 1308 1315 licentia,

114 1328 420 1377 crudelitateque
438 1341 532 1377 erga
559 1327 719 1372 nobiles,
746 1326 997 1363 utilissimum
1025 1331 1133 1362 ratus
1160 1324 1310 1371 impen-¹

117 1383 271 1419 dentem
292 1383 439 1419 evitare
458 1386 736 1430 tempestatem,
757 1380 856 1417 clam
876 1392 916 1417 se
936 1393 958 1416 a
975 1379 1200 1416 custodibus
1220 1379 1310 1414 sub-

118 1435 246 1481 duxit,
266 1440 301 1472 et
332 1435 423 1472 inde
452 1435 620 1484 primum
651 1433 813 1478 Elidem,
835 1433 973 1471 deinde
1001 1433 1167 1476 Thebas,
1188 1432 1310 1468 venit.

120 1489 331 1538 Postquam
352 1494 480 1526 autem
499 1501 536 1524 se
555 1488 694 1537 eapitis
713 1487 952 1531 damnatum,
974 1485 1081 1523 honis
1093 1484 1311 1535 publicatis,

118 1543 281 1587 audivit,
305 1547 354 1587 et,
374 1543 416 1578 id
430 1542 532 1590 quod
552 1555 623 1578 usu
644 1547 814 1585 venerat,
828 1540 1086 1589 Eumolpidas
1099 1538 1314 1576 sacerdotes

118 1609 144 1632 a
169 1595 315 1646 populo
335 1601 479 1632 coactos
507 1601 551 1631 ut
576 1608 615 1631 se
642 1595 876 1639 devoverent,
906 1594 1062 1644 ejusque
1090 1592 1311 1632 devotionis,

118 1662 195 1698 quo
224 1649 395 1686 testatior
413 1655 506 1686 esset
534 1649 727 1692 memoria,
749 1647 956 1695 exemplum
978 1649 1019 1684 in
1044 1645 1130 1698 pil&
1159 1644 1314 1695 lapide&

119 1703 293 1748 incisum,
314 1715 390 1739 esse
404 1702 577 1753 positum
597 1703 637 1738 in
652 1701 820 1753 publiw,
851 1699 1172 1739 Lacedaemonem
1192 1700 1313 1737 demi-

121 1757 265 1806 gravit.
321 1756 384 1793 Ibi
426 1756 489 1807 (ut
534 1755 616 1805 ipse
661 1756 882 1805 praedicare
928 1753 1198 1803 consueverat)
1237 1766 1315 1790 non

121 1811 307 1846 <adversus
322 1811 510 1859 patriam,
531 1809 598 1846 sed
622 1809 796 1846 inimicos
809 1821 895 1845 suos
907 1809 1050 1845 bellum
1065 1809 1197 1857 gessit,
1211 1808 1318 1856 quod

125 1864 237 1900 iidem
257 1863 378 1900 hostes
397 1869 519 1900 essent
543 1863 718 1899 civitati:
747 1875 849 1908 nam,
869 1874 987 1911 quum
1007 1862 1262 1910 intelliqerent
1278 1874 1316 1898 se

120 1916 333 1966 plurimum
341 1918 520 1966 prodesse
531 1916 774 1966 reipublicae,
785 1929 829 1952 ex
841 1914 884 1951 ec'z
898 1915 1053 1965 ejecisse,
1061 1915 1224 1965 plusque
1234 1916 1316 1952 irae

124 1982 218 2006 suae
245 1983 363 2019 quam
391 1970 553 2007 utilitati
580 1971 771 2006 communi
792 1971 987 2019 paruisse„
1043 1969 1180 2019 Itaque
1198 1970 1316 2019 hujus

125 2024 286 2061 consilio
318 2024 614 2061 Lacedaemonii
642 2036 730 2061 cum
762 2023 969 2060 Persarum
994 2036 1087 2073 rege
1106 2023 1316 2062 amicitiam

126 2076 317 2114 fecerunt:
346 2077 484 2115 deinde
500 2077 696 2114 Deceliam
711 2077 753 2113 in
768 2074 905 2114 Attica
921 2077 1153 2123 munierunt,
1171 2079 1315 2125 praesi-

126 2130 267 2178 dioque
286 2137 471 2179 perpetuo
490 2131 545 2168 ibi
564 2132 700 2180 posito,
720 2131 761 2167 in
781 2131 978 2168 obsidione
998 2131 1175 2168 Athenas
1203 2137 1315 2170 tenu-

127 2189 253 2221 erunt.
310 2183 495 2231 Ejusdem
522 2182 638 2234 opera
665 2184 816 2221 Ioniam
835 2197 857 2221 a
883 2184 1063 2222 societate
1091 2190 1316 2223 averterunt

130 2235 444 2274 Atheniensium:
474 2251 550 2287 quo
577 2237 690 2284 facto,
721 2237 840 2275 multo
869 2238 1085 2287 superiores
1105 2238 1205 2277 bello
1234 2251 1314 2277 esse

126 2296 349 2340 coeperunt.

713 2388 737 2413 C
