1496 2671
280 155 467 204 QUINTI
497 155 683 193 CURTII
714 154 859 192 RUFI.
1099 156 1152 193 35

0 265 63 303 bus
81 266 208 317 procul
226 276 392 309 excussa,
408 263 518 309 mitti,
539 275 614 300 non
633 262 750 300 scalae
769 262 959 300 moenibus
977 262 1155 312 applicari

0 326 170 368 poterant
188 333 197 364 ;
224 331 398 368 praeceps
425 317 463 354 in
483 317 599 354 salum
618 328 744 352 murus
764 316 935 364 pedestre
952 316 1159 366 intercepe-

0 380 56 412 rat
74 375 144 412 iter
162 387 171 410 :
200 384 310 408 naves
330 384 398 408 nec
415 371 576 407 habebat
595 382 671 414 rex,
693 374 741 414 et,
763 370 793 406 si
813 369 1045 416 admovisset,
1067 382 1155 419 pen-

0 427 128 465 dentes
162 430 200 463 et
225 425 416 462 instabiles
442 423 637 461 missilibus
664 423 779 459 arceri
816 427 998 471 poterant.
1056 422 1160 461 Inter

0 493 103 528 quae,
122 491 234 528 parva
253 479 355 516 dictu
367 491 424 515 res
441 477 637 527 Tyriorum
656 476 827 512 fiduciam
847 476 1030 513 accendit.
1069 477 1159 513 Car-

1 532 287 582 thaginiensium
321 531 435 580 legati
475 531 523 568 ad
567 529 825 567 celebrandum
872 529 1161 567 anniversarium

0 599 140 624 sacrum
159 598 261 622 more
292 586 412 635 patrio
448 589 537 622 tunc
564 588 771 620 venerant:
801 582 936 631 quippe
966 582 1163 633 Carthagi-

1 652 84 677 nem
122 638 227 689 Tyrii
263 639 521 683 condiderunt,
560 649 702 686 semper
728 640 923 685 parentum
951 636 1032 673 loco
1061 638 1162 675 culti.

1 692 156 731 Hortari
174 705 264 741 ergo
293 692 408 729 Poeni
427 697 637 735 coeperunt,
667 695 709 728 ut
728 689 954 727 obsidionem
974 689 1060 727 forti
1088 692 1166 728 ani-

2 759 60 784 mo
80 751 318 795 paterentur:
339 746 443 783 brevi
464 744 690 793 Carthagine
708 742 845 780 auxilia
861 747 1041 781 ventura:
1063 757 1165 782 nam-

5 813 75 848 que
103 813 145 836 ea
181 804 400 849 tempestate
436 812 571 848 magna
599 811 644 835 ex
671 803 776 848 parte
809 796 958 834 Punicis
991 797 1167 835 classibus

7 853 120 891 maria
138 853 414 891 obsidebantur.

59 906 126 944 IX.
181 907 302 955 Igitur
315 907 413 944 bello
442 906 604 950 decreto,
632 918 698 954 per
727 916 850 942 muros
877 910 1072 954 turresque
1090 911 1166 942 tor-

8 968 135 998 menta
153 959 356 1010 disponunt
376 973 500 997 :arma
509 959 722 1008 junioribus
742 958 928 995 dividunt:
945 958 1179 1006 opificesque,

12 1027 168 1063 quorum
195 1015 300 1063 copia
326 1015 415 1050 urbs
434 1013 660 1057 abundabat,
681 1013 719 1048 in
739 1012 903 1048 officinas
921 1012 1150 1050 distribuunt
1170 1026 1178 1056 ;

14 1068 137 1105 omnia
165 1067 252 1104 belli
280 1073 458 1116 apparatu
487 1071 685 1115 strepunt:
716 1065 855 1102 ferreae
887 1077 1032 1113 quoque
1049 1078 1184 1102 manus

19 1120 264 1171 (harpayonas
291 1120 441 1170 vocant)
470 1132 559 1167 quas
586 1120 757 1168 operibus
784 1119 946 1156 hostium
974 1119 1181 1168 injicerent,

17 1175 199 1222 corvique,
229 1180 267 1211 et
292 1174 363 1210 alia
390 1173 539 1211 tuendis
566 1173 719 1209 urbibus
739 1173 959 1221 excogitata,
987 1185 1182 1222 praepara-

14 1229 163 1265 bantur.
220 1226 292 1264 Sed
312 1240 394 1264 cum
406 1227 615 1263 fornacibus
634 1225 782 1271 ferrum,
805 1226 903 1274 quod
924 1226 1058 1263 excudi
1073 1239 1182 1276 opor·

16 1282 131 1327 tebat,
150 1280 362 1330 impositum
381 1285 488 1324 esset,
509 1280 742 1328 admotisque
778 1279 927 1316 follibus
946 1280 1071 1328 ignem
1090 1281 1183 1318 flatu

17 1334 273 1379 accenderent,
303 1334 492 1383 sanguinis
519 1334 588 1370 rivi
616 1334 684 1370 sub
702 1333 790 1381 ipsis
817 1333 972 1370 fiammis
1000 1334 1184 1371 exstitisse

15 1388 190 1426 dicuntur
210 1402 218 1425 ε
248 1388 361 1436 idque
375 1400 481 1424 omen
501 1387 538 1424 in
559 1387 804 1424 Macedonum
823 1393 963 1424 metum
991 1392 1187 1425 verterunt

17 1442 134 1491 Tyrii.
203 1442 318 1490 Apud
348 1441 571 1478 Macedonas
604 1452 759 1488 quoque,
798 1453 879 1477 eum
918 1440 1013 1477 forte
1049 1453 1181 1490 panem

16 1495 163 1543 quidam
191 1495 348 1532 militum
376 1495 602 1543 frangerent,
631 1494 815 1531 manantis
843 1493 1033 1542 sanguinis
1061 1499 1183 1542 guttas

17 1553 269 1586 notaverunt:
308 1549 511 1596 territoque
539 1560 638 1596 rege,
676 1547 909 1592 Aristander,
940 1548 1187 1596 peritissimus

19 1610 155 1647 vatum,
189 1602 219 1638 si
247 1602 474 1640 extrinsecus
503 1614 612 1639 cruor
638 1601 816 1646 fluxisset,
846 1601 1115 1639 Macedonibus
1142 1602 1180 1638 id

19 1656 125 1693 triste
142 1655 305 1693 futurum
328 1656 404 1692 ait:
435 1660 574 1701 contra,
604 1667 686 1691 cum
716 1655 762 1691 ab
781 1655 956 1692 interiore
974 1660 1081 1704 parte
1109 1668 1185 1692 ma*

20 1709 173 1753 naverit,
220 1708 302 1745 urbi
357 1721 464 1757 quam
522 1708 690 1745 obsidere
736 1708 983 1746 destinassent
1033 1709 1186 1746 exitium

19 1762 253 1811 portendere.
308 1762 532 1808 Alexander,
550 1775 632 1799 cum
653 1767 690 1799 et
709 1761 860 1798 classem
874 1762 1003 1811 procul
1021 1762 1187 1807 haberet,

20 1822 57 1854 et
73 1816 221 1864 longam
240 1815 469 1852 obsidionem
486 1829 622 1865 magno
637 1815 705 1852 sibi
721 1815 768 1852 ad
783 1820 906 1852 cetera
919 1816 1189 1864 impedimento

20 1870 163 1907 videret
180 1869 268 1915 fore,
290 1870 552 1907 caduceatores
580 1870 642 1917 qui
669 1870 716 1906 ad
745 1880 872 1918 pacem
902 1881 964 1905 eos
991 1869 1189 1918 compelle-

21 1928 104 1960 rent
124 1923 222 1960 misit
242 1937 249 1960 :
280 1935 370 1971 quos
392 1923 496 1973 Tyrii
514 1929 645 1960 eontra
657 1923 719 1971 jus
737 1922 905 1971 gentium
927 1923 1065 1959 occisos
1084 1935 1189 1971 prae-

22 1976 266 2025 cipitaverunt
284 1978 323 2013 in
342 1977 470 2014 altum.
528 1978 652 2024 Atque
675 1976 748 2021 ille,
770 1988 918 2012 suorum
938 1981 1014 2013 tam
1034 1976 1192 2025 indigna

23 2042 112 2066 nece
131 2035 345 2075 commotus,
365 2031 492 2067 urbem
511 2031 680 2068 obsidere
699 2030 840 2067 statuit.
898 2029 973 2067 Sed
997 2035 1085 2067 ante
1097 2029 1191 2079 jaci-

23 2083 119 2120 enda
151 2083 262 2120 moles
292 2088 382 2130 erat,
414 2096 505 2132 quae
536 2085 664 2121 urbem
693 2083 900 2120 continenti
928 2084 1190 2122 committeret.

25 2136 162 2184 Ingens
181 2148 270 2184 ergo
289 2137 429 2174 animos
449 2138 607 2175 militum
633 2136 839 2187 desperatio
857 2136 1018 2183 incessit,
1039 2150 1193 2174 cernen-

26 2190 117 2227 tium
138 2189 362 2238 profundum
381 2204 490 2238 mare,
513 2192 611 2239 quod
639 2192 701 2228 vix
723 2191 850 2228 divina
877 2203 946 2240 ope
972 2195 1098 2240 posset
1124 2191 1192 2227 im-

23 2243 140 2292 pleri:
171 2243 276 2288 Quae
295 2256 382 2280 saxa
399 2249 475 2281 tam
494 2251 607 2292 vasta,
630 2257 718 2293 quas
745 2250 821 2282 tarn
850 2256 1020 2292 proceras
1045 2245 1198 2282 arbores

26 2309 132 2345 posse
168 2296 358 2345 reperiri?
400 2298 667 2336 exhauriendas
706 2310 784 2335 esse
820 2298 1002 2346 regiones,
1031 2298 1192 2336 utillud

26 2350 183 2398 spatium
223 2356 463 2398 aggeraretur
483 2365 492 2394 ;
533 2356 571 2389 et
607 2358 821 2390 exaestuare
863 2364 1006 2401 semper
1045 2352 1192 2395 fretum,

26 2415 169 2452 quoque
189 2404 324 2441 arctius
344 2404 531 2442 volutetur
557 2406 655 2443 inter
674 2406 828 2442 insulam
861 2410 898 2442 et
926 2405 1197 2447 continentem,
