1496 2671
498 577 832 611 ARGUMENTUM

271 709 517 751 DlALOGI
561 709 641 749 DE
684 708 1073 750 SENECTUTE.

140 1016 211 1047 H1c
236 1015 358 1046 libellus
379 1020 521 1047 versatur
544 1016 575 1047 in
605 1015 773 1047 senectutis
803 1020 870 1046 tum
894 1015 1038 1046 laudibus
1067 1015 1268 1055 explicandiS,

75 1075 147 1102 tum
162 1071 345 1111 repellendis
360 1071 637 1103 criminationibus.
686 1071 840 1106 Quattuor
855 1074 959 1101 autem
974 1071 1011 1101 de
1027 1070 1144 1100 caussis
1161 1081 1268 1100 senec-

82 1130 132 1156 tus
147 1129 272 1166 putatur
288 1127 419 1164 misera3
436 1136 568 1165 quarum
581 1126 677 1166 prima
692 1130 750 1164 est,
766 1126 847 1166 quod
864 1129 972 1156 avocet
983 1136 1000 1155 a
1012 1125 1103 1156 rebus
1115 1124 1268 1165 gerendis,

84 1180 194 1220 altera,
210 1181 293 1220 quod
307 1190 417 1221 eorpus
430 1180 525 1211 saciat
540 1180 702 1219 infirmius,
718 1181 822 1219 tertia,
839 1181 921 1221 quod
937 1181 1036 1221 privet
1048 1181 1191 1211 omnibus
1206 1180 1269 1211 fere

83 1237 305 1277 voluptatibus,
324 1243 446 1277 quarta,
463 1237 545 1277 quod
560 1237 642 1268 haud
657 1237 761 1277 procul
785 1237 868 1268 absit
883 1248 900 1268 a
916 1240 1026 1268 morte.
1074 1238 1153 1269 Haec
1176 1238 1270 1279 igitur

84 1292 208 1332 singula
220 1291 426 1323 accusationis
439 1292 542 1332 capita
558 1292 726 1332 redarguit,
746 1297 779 1322 ut
790 1302 858 1333 quae
875 1296 1067 1323 senectutem
1083 1294 1196 1332 partim
1210 1303 1272 1324 non

85 1347 252 1388 attingant,
282 1348 393 1387 partim
425 1357 483 1378 non
513 1347 643 1378 reddant
668 1347 824 1379 miseram.
871 1348 978 1380 Sermo
1001 1352 1105 1378 autem
1128 1348 1272 1378 tribuitur

85 1403 202 1434 Catoni
226 1403 384 1441 Censorio,
407 1403 472 1433 seni
493 1407 523 1433 et
540 1403 765 1444 patientissimo
787 1403 888 1435 aetatis
912 1414 974 1434 suae
991 1406 1023 1434 et
1044 1403 1271 1434 florentissimo.

88 1459 151 1496 Qui
166 1469 261 1499 quum
278 1459 307 1490 in
323 1462 483 1490 senectute
506 1460 628 1490 demum
652 1460 771 1491 litteras
788 1460 916 1491 Graecas
932 1459 1085 1497 didicerit,
1098 1458 1196 1491 oratio
1207 1459 1274 1497 ejus

87 1515 145 1545 hoc
169 1514 202 1544 in
223 1513 338 1552 libello,
362 1524 453 1553 quam
478 1514 566 1553 alias,
589 1520 637 1544 est
657 1514 785 1546 doctior.
833 1514 970 1545 Habitus
997 1513 1121 1554 quidem
1145 1514 1274 1553 fingitur

89 1578 190 1599 sermo
206 1568 278 1599 'rito
295 1569 441 1604 Quinctio
457 1569 641 1608 Flaminino,
656 1570 766 1600 Marco
781 1569 882 1600 Acilio
894 1569 1005 1607 Balbo,
1017 1569 1103 1600 Coss.
1114 1580 1140 1599 s.
1151 1578 1231 1599 anno
1245 1578 1275 1608 p.

89 1624 134 1655 U.
151 1624 272 1654 c.604.
318 1624 455 1665 Scriptus
470 1629 517 1655 est
532 1629 635 1656 autem
651 1630 721 1666 post
737 1625 853 1656 caedem
870 1624 1017 1663 Caesaris,
1032 1633 1125 1662 anuo,
1143 1628 1177 1653 ut
1192 1624 1276 1654 vide-

91 1682 151 1717 tur,
175 1679 247 1718 710,
269 1683 299 1710 et
320 1679 432 1711 missus
456 1680 494 1710 ad
511 1681 650 1710 Atticum
672 1691 790 1719 senem,
811 1681 848 1711 de
871 1679 1031 1720 republica
1054 1684 1120 1710 tum
1144 1679 1279 1710 maxime

83 1731 267 1765 sollicitum.
313 1734 386 1773 Hic,
402 1733 553 1765 Cicerone
577 1734 674 1765 tribus
697 1735 787 1765 annis
811 1736 922 1774 major,
945 1744 981 1765 eu
1003 1738 1137 1776 tempore
1161 1742 1277 1764 annum

90 1789 204 1830 agebat
218 1789 444 1829 sexagesimum
461 1793 592 1823 sextum.
