1496 2671
429 129 591 169 LIBER
621 129 890 176 QUARTUS.
1196 129 1244 165 49

84 242 186 278 brem
203 243 443 278 excusserunt
456 238 650 288 procellae,
666 249 734 287 pro
753 250 791 274 se
803 238 954 287 quisque
966 237 1134 286 excipere
1146 248 1243 279 eum,

84 295 233 344 quidam
251 293 300 330 ob
318 291 417 329 sitim
436 293 658 341 impotentes
677 291 744 336 sui,
774 303 837 328 ore
856 303 1002 340 quoque
1020 290 1138 328 hianti
1157 302 1242 338 cap-

84 358 164 385 tare
181 351 395 396 coeperunt.
451 345 703 390 Quatriduum
721 356 787 394 per
806 350 927 382 vastas
947 344 1162 382 solitudines
1183 344 1238 380 ab·

88 396 273 450 sumptum
301 404 367 436 est.
590 432 592 435 .

137 452 279 491 XXIX.
306 452 466 502 Jamque
501 451 600 489 haud
627 451 757 501 procul
784 451 922 488 oraculi
950 451 1036 488 sede
1064 452 1245 493 aberant3

82 518 193 555 quum
207 505 412 555 complures
431 506 531 543 corvi
559 505 697 554 agmini
716 510 928 550 occurrunt,
957 505 1103 541 modico
1121 504 1246 541 volatu

81 560 198 610 prima
229 560 335 608 signa
371 560 653 603 antecedentes3
683 564 721 596 et
747 559 859 595 modo
887 558 990 595 humi
1022 558 1247 601 residebant,

81 626 194 662 quum
212 613 348 651 lentius
363 626 496 662 agmen
510 613 709 657 incederet,
730 613 842 649 modo
860 625 899 649 se
917 612 1046 660 pennis
1061 612 1244 654 levabant,

80 667 379 705 antecedentium
399 668 541 715 iterque
562 666 847 704 monstrantium
866 666 953 703 ritu.
1012 664 1178 701 Tandem
1199 665 1243 701 ad

79 721 204 757 sedem
231 726 478 758 consecratam
508 721 578 758 deo
597 725 748 757 ventum
767 726 836 757 est.
891 718 1113 756 Incredibile
1132 719 1246 755 dictu,

77 775 175 812 inter
193 779 315 811 vastas
327 775 546 812 solitudines
566 774 647 819 sita,
669 773 833 822 undique
852 772 1100 809 ambientibus
1120 772 1244 813 ramis,

77 828 138 864 vix
156 827 196 864 in
215 828 366 865 densam
385 829 554 865 umbram
573 828 730 865 cadente
748 827 835 872 sole,
856 831 1027 864 contecta
1047 832 1103 863 est
1119 839 1126 869 3
1149 826 1243 862 mul-

77 882 179 929 tique
204 881 326 919 fontes
358 881 527 919 dulcibus
564 881 667 929 aquis
702 881 834 930 passim
865 880 1102 917 manantibus
1139 879 1242 916 alunt

78 935 213 984 sylvas.
286 935 390 972 Coeli
426 947 571 984 quoque
608 935 700 971 mira
731 934 938 983 temperies,
977 945 1090 970 verno
1124 934 1240 982 tepori

78 989 235 1026 maxime
254 989 391 1034 similis,
421 1001 549 1026 omnes
568 989 656 1025 anni
675 993 798 1037 partes
817 987 896 1036 pari
923 987 1141 1024 salubritate
1160 999 1241 1035 per-

76 1043 202 1080 currit.
258 1042 420 1079 Accolae
447 1043 543 1079 sedis
571 1047 656 1080 sunt
674 1042 720 1078 ab
740 1042 883 1078 oriente
909 1040 1067 1090 proximi
1086 1040 1241 1077 Aethio-

75 1107 161 1144 pum
181 1109 189 1132 :
218 1095 257 1131 in
276 1096 467 1132 meridiem
488 1108 614 1132 versus
634 1095 774 1131 Arabes
790 1099 970 1143 spectant,
994 1093 1245 1144 (Troylodysts

74 1161 281 1197 cognomen
300 1148 385 1199 est‚)
415 1161 572 1196 quorum
600 1149 703 1197 regio
722 1160 837 1196 usque
864 1148 910 1184 ad
932 1148 1103 1184 Rubrum
1137 1147 1240 1184 Mare

72 1203 258 1239 excurrit:
290 1208 338 1248 at,
365 1214 437 1250 qua
464 1203 584 1251 vergit
612 1203 659 1238 ad
686 1202 927 1245 occidentem,
949 1201 1009 1238 alii
1038 1201 1240 1249 Aethiopes

73 1256 200 1293 colunt
219 1267 308 1303 quos
327 1256 490 1294 Scenitas
509 1261 642 1293 vocant
663 1269 670 1292 ε
701 1268 722 1292 a
740 1255 992 1304 septentrione
1011 1255 1240 1291 Nasamones

72 1316 170 1354 sunt,
185 1322 277 1358 gens
293 1310 438 1359 Syrtica
456 1310 688 1358 navigiorum
708 1309 832 1357 spoliis
851 1314 1083 1356 quaestuosa,
1104 1309 1238 1356 quippe

74 1363 246 1400 obsident
264 1363 383 1408 litora,
405 1369 444 1401 et
456 1368 559 1400 aestu
577 1363 756 1401 destituta
774 1362 922 1410 navigia
940 1362 1038 1398 notis
1053 1362 1122 1398 sibi
1137 1363 1240 1398 vadis

71 1422 266 1466 occupant.
324 1416 470 1454 Incolae
496 1417 668 1462 nemoris,
697 1428 789 1465 quos
816 1415 1055 1453 Hammonios
1091 1426 1236 1457 vocant,

71 1469 243 1518 dispersis
262 1471 416 1518 tuguriis
434 1471 605 1508 habitant
625 1484 633 1507 ε
663 1469 824 1506 medium
843 1480 972 1506 nemus
991 1481 1058 1518 pro
1073 1481 1156 1506 arce
1175 1469 1239 1505 ha·

73 1524 175 1568 bent,
196 1525 332 1574 triplici
351 1537 456 1561 muro
471 1524 750 1561 circumdatum.

127 1577 251 1615 XXX.
282 1577 406 1615 Prima
434 1578 591 1615 munitio
627 1582 873 1626 tyrannorum
906 1582 1071 1615 veterum
1100 1577 1238 1625 regiam

72 1631 202 1669 clausit
217 1644 226 1668 t
241 1631 282 1667 in
300 1631 467 1680 proxima
485 1631 663 1680 conjuges
682 1643 809 1667 eorum
828 1643 912 1667 cum
931 1631 1052 1668 liberis
1071 1636 1108 1668 et
1134 1631 1234 1679 pelli-

70 1685 173 1721 cibus
200 1685 394 1729 habitant3
422 1684 481 1721 hic
507 1697 652 1734 quoque
677 1685 737 1721 dci
765 1684 954 1721 oraculum
981 1691 1064 1722 est:
1109 1685 1237 1721 ultima

69 1738 298 1776 munimenta
316 1739 513 1776 satellitum
525 1739 864 1787 armigerorumque
883 1739 987 1775 sedes
1006 1744 1123 1775 erant.
1170 1738 1235 1775 Est

66 1792 176 1830 etiam
195 1792 297 1830 aliud
314 1791 536 1829 Hammonis
555 1804 684 1829 nemus
704 1805 712 1828 :
743 1792 781 1828 in
801 1791 924 1829 medio
951 1792 1063 1829 habet
1081 1792 1233 1835 fontem,

69 1859 202 1896 aquam
219 1846 305 1884 solis
323 1851 458 1884 vocant
473 1860 480 1883 :
504 1847 572 1883 sub
590 1846 682 1882 lucis
702 1852 824 1882 ortum
843 1845 969 1894 tepida
986 1852 1111 1882 manat
1127 1858 1133 1887 ;
1158 1857 1233 1881 me-

69 1899 132 1936 dio
150 1899 221 1944 die,
242 1913 356 1949 quum
384 1899 724 1937 vehementissimus
744 1904 799 1936 cst
826 1899 936 1943 calor,
953 1899 1088 1947 frigida
1107 1899 1235 1935 eadem

70 1953 175 1996 fluit3
204 1953 382 1991 inclinato
400 1954 439 1990 in
458 1965 659 2002 vesperam,
678 1952 825 1990 calescit
845 1965 853 1989 ε
884 1952 1006 1989 media
1024 1958 1143 1997 noete,
1164 1952 1235 1988 ser-

71 2006 157 2044 vida
184 2011 403 2051 exaestuat;
432 2019 578 2055 quoque
596 2007 747 2056 propius
774 2018 849 2042 nox
876 2006 998 2054 vergit
1025 2006 1073 2043 ad
1099 2006 1231 2049 lucem,

70 2059 228 2097 multum
246 2073 292 2097 ex
310 2065 493 2099 nocturno
512 2061 634 2098 calore
652 2059 854 2104 decrescit;
885 2059 1003 2096 donec
1020 2060 1089 2097 sub
1107 2059 1229 2109 ipsum

69 2113 143 2149 diei
171 2118 291 2150 ortum
309 2121 453 2152 assueto
471 2120 599 2164 tepore
616 2114 844 2162 languescat.
901 2113 944 2150 Id
963 2113 1062 2162 quod
1081 2125 1148 2162 pro
1161 2114 1231 2149 deo

69 2167 213 2212 colit'ur,
232 2179 308 2203 non
326 2168 492 2205 eamdem
509 2168 666 2217 effigiem
685 2168 808 2212 habet,
829 2178 938 2215 quam
957 2167 1070 2215 vulgo
1085 2167 1154 2203 diis
1174 2180 1231 2203 ar-

68 2221 184 2257 tifices
221 2221 552 2259 accomodaverunt
571 2235 580 2258 ε
609 2221 784 2258 umbilico
816 2221 975 2258 maxime
1011 2220 1138 2257 similis
1175 2230 1229 2257 est

69 2273 228 2320 habitus,
267 2275 461 2323 smaragdo
491 2280 529 2312 et
563 2275 717 2323 gemmis
753 2279 1047 2323 coagmentatus.
1101 2273 1228 2317 Hunc,

70 2340 183 2375 quum
209 2340 425 2377 responsum
451 2328 600 2377 petitur,
619 2328 767 2378 navigio
793 2333 922 2366 aurato
940 2333 1083 2376 gestant
1110 2340 1226 2364 sacer-

68 2381 186 2428 dotes,
207 2382 332 2420 multis
350 2382 535 2431 argenteis
553 2382 689 2431 pateris
717 2383 762 2420 ab
781 2387 940 2430 utroque
958 2381 1095 2429 navigii
1116 2382 1228 2418 latere

632 2447 663 2484 E
