1496 2671
206 106 254 142 14
512 115 610 145 cuo
631 116 761 143 MAJOR
780 115 832 143 DE
852 116 1089 144 sumerum.

204 213 432 250 becilliorem
468 213 617 258 factam,
656 225 766 263 quam
803 213 1054 252 adolescentia
1090 213 1235 252 fuisset.
1301 212 1387 262 Ego

206 266 364 304 Lucium
383 267 579 305 Metellum
598 268 749 304 memini
768 269 993 317 puer,—qui
1009 280 1122 317 quum
1139 266 1389 317 quadriennio

207 326 290 368 post
305 321 463 358 alterum
486 320 733 359 Consulatum
749 321 925 358 Pontifex
944 322 1126 358 maximus
1138 321 1259 359 factus
1277 326 1386 365 esset,

205 373 342 423 viginti
362 381 400 412 et
419 374 513 411 duos
541 387 659 411 annos
686 375 719 411 ei
748 374 956 413 sacerdotio
983 375 1256 424 praefuit,—ita
1281 373 1391 411 bonis

206 440 286 464 osse
305 427 446 465 viribus
475 434 642 465 extremo
670 433 838 477 tempore
866 428 1001 473 aetatis,
1029 433 1074 466 ut
1101 426 1389 466 adolescentiam

203 494 281 517 non
300 481 518 530 requireret.
548 482 654 518 Nihil
669 494 818 519 necesse
833 490 890 519 est
908 481 1000 518 mihi
1018 482 1066 519 de
1084 495 1143 519 me
1156 482 1237 531 ipso
1249 481 1388 518 dicere:

205 547 420 584 quanquam
440 542 496 573 est
515 535 555 572 id
575 536 725 584 quidem
747 535 862 572 senile
881 535 1062 584 aetatique
1089 542 1227 573 nostrae
1255 547 1389 572 eonce-

207 588 322 625 ditur.

259 641 308 678 X.
338 642 404 679 31.
434 642 631 680 Videtisne
650 648 694 681 ut
713 643 813 692 apud
834 642 1043 679 Homerum
1065 642 1265 692 saepissime
1292 642 1389 679 Nes-

206 701 265 733 tor
304 695 352 733 de
379 697 583 734 virtutibus
611 696 687 733 suis
715 696 896 746 praedicet
915 695 934 733 3>
991 695 1156 734 Tertiam
1187 697 1285 733 enim
1309 695 1389 745 jam

208 754 357 786 aetatem
386 749 578 786 hominum
608 750 786 792 vivebat;
816 762 886 786 nec
913 754 995 787 erat
1022 749 1055 786 ei
1098 750 1304 787 verendum
1331 761 1391 794 ne,

209 815 294 840 vera
314 803 362 840 de
382 816 420 840 se
441 804 662 852 praedicans,
692 804 803 840 nimis
830 803 1022 840 videretur
1051 808 1116 841 aut
1136 803 1300 840 insolens
1326 808 1394 840 aut

209 856 358 904 loquax.
418 856 582 902 Etenim,
604 862 648 894 ut
667 857 719 895 ait
735 857 938 902 Homerus,
959 869 1004 894 ex
1031 857 1108 907 qius
1136 857 1264 907 linqua
1291 856 1392 894 melle

209 909 503 959 dulciorfluebot
520 912 667 948 oratio:
688 923 798 960 quam
819 911 867 947 ad
890 911 1111 948 suavitatem
1134 910 1246 947 nullis
1261 910 1397 959 egebat

210 964 375 1012 corporis
403 964 573 1001 viribus:
605 970 643 1002 et
670 970 795 1001 tamen
824 965 903 1001 dux
934 964 997 1001 ille
1027 963 1182 1001 Graeeiae
1211 975 1396 1013 nusquam

210 1023 327 1065 optat,
359 1022 402 1054 ut
430 1017 557 1065 Ajaeis
585 1018 721 1055 similes
749 1018 886 1055 habeat
905 1017 1044 1062 decem,
1066 1023 1106 1055 at
1124 1023 1168 1055 ut
1195 1017 1394 1060 Nestoris;

210 1071 311 1119 quod
332 1070 362 1108 si
382 1071 571 1116 acciderit,
588 1084 662 1108 non
681 1072 831 1109 dubitat
865 1071 956 1121 quin
974 1071 1080 1108 brevi
1100 1070 1215 1120 Troja
1233 1071 1281 1108 sit
1300 1070 1397 1120 peri-

210 1130 310 1161 tura.
366 1125 439 1175 32,
465 1124 538 1161 Sed
559 1126 672 1162 redeo
693 1126 741 1162 ad
768 1138 839 1162 me.
899 1125 1087 1170 Quartum
1106 1137 1245 1162 annum
1266 1137 1338 1173 ago
1357 1129 1396 1160 et

211 1178 481 1226 octogesimum
498 1192 505 1215 :
537 1179 706 1228 equidem
727 1191 836 1228 posse
848 1179 979 1215 vellem
999 1178 1095 1215 idem
1109 1177 1274 1227 gloriari,
1295 1177 1398 1227 quod

214 1230 337 1281 Cyrus
356 1244 363 1269 :
395 1232 460 1268 sed
482 1238 604 1270 tamen
634 1233 704 1269 boe
724 1245 821 1281 queo
841 1233 975 1276 dicere,
996 1243 1074 1268 non
1101 1245 1160 1269 me
1180 1232 1330 1281 quidem
1350 1231 1396 1267 iis

211 1297 291 1322 esse
310 1285 462 1322 viribus.
483 1287 617 1334 quibus
635 1292 700 1323 aut
719 1286 825 1322 miles
838 1286 938 1322 bello
959 1285 1114 1331 Punico,
1136 1291 1202 1322 aut
1218 1285 1396 1330 Quaestor

212 1338 342 1375 eodem
364 1339 475 1384 bello,
496 1345 561 1376 aut
583 1339 724 1376 Consul
743 1340 781 1376 in
792 1339 978 1388 Hispania
995 1339 1141 1383 fuerim,
1163 1346 1229 1376 aut
1243 1337 1395 1388 quadri·

213 1392 325 1429 ennio
354 1398 452 1441 post,
482 1406 596 1442 quum
628 1394 818 1430 Tribunus
846 1393 1017 1430 militaris
1044 1392 1259 1442 depugnavi
1297 1391 1396 1441 apud

214 1445 497 1495 Thermopylas,
520 1447 649 1484 Marco
669 1447 792 1484 Acilio
814 1446 1019 1483 Glabrione
1035 1446 1199 1484 Consule
1217 1459 1226 1484 :
1255 1446 1320 1483 sed
1341 1451 1397 1483 ta-

213 1511 311 1544 men,
332 1505 376 1537 ut
395 1513 460 1537 vos
480 1500 626 1545 videtis,
648 1513 723 1537 non
752 1501 863 1549 plane
881 1512 940 1537 me
968 1501 1160 1538 enervavit
1177 1512 1247 1538 nec
1266 1499 1400 1536 afflixit

212 1558 384 1590 senectus
406 1567 413 1590 ε
445 1566 519 1591 non
541 1555 645 1591 curia
664 1555 759 1591 vires
787 1567 887 1591 meas
915 1554 1115 1599 desiderat,
1145 1566 1222 1591 non
1242 1553 1396 1598 Rostra,

211 1618 288 1643 non
309 1607 427 1647 amici,
458 1620 535 1644 non
564 1608 729 1651 dientes,
751 1620 828 1644 non
854 1608 1032 1656 hospites.
1089 1607 1171 1645 Nec
1199 1607 1298 1645 enim
1326 1619 1398 1643 un-

212 1673 322 1708 quam
344 1673 423 1697 sum
442 1674 611 1698 assensus
626 1663 742 1699 veteri
762 1662 813 1698 illi
830 1662 1057 1710 laudatoque
1071 1661 1280 1711 proverbio,
1295 1660 1398 1710 quod

211 1719 352 1755 monet,
373 1720 517 1752 mature
534 1716 625 1765 fieri
652 1729 779 1761 senem,
800 1718 832 1754 si
860 1717 926 1753 diu
943 1717 1030 1753 velis
1049 1728 1121 1753 esse
1137 1727 1258 1753 senex.
1314 1713 1399 1762 Ego

213 1779 301 1804 vero
320 1780 380 1805 me
399 1769 522 1806 minus
540 1769 605 1805 diu
625 1782 750 1806 senem
766 1782 844 1807 esse
863 1771 1022 1815 mallem,
1042 1781 1152 1818 quam
1172 1781 1251 1806 esse
1270 1779 1396 1805 senem

212 1825 310 1865 ante,
341 1835 452 1870 quam
481 1835 611 1860 essem.
668 1823 800 1872 Itaque
827 1837 938 1861 nemo
965 1823 1087 1860 adhue
1114 1821 1314 1860 convenire
1339 1832 1401 1858 me

213 1875 347 1920 voluit,
367 1877 428 1912 cui
448 1876 579 1913 fuerim
598 1884 814 1927 occupatus.
871 1879 937 1915 33.
967 1878 1022 1914 At
1039 1877 1162 1914 minus
1173 1876 1295 1913 habeo
1309 1874 1398 1911 viri-

213 1941 289 1973 um,
306 1941 417 1977 quam
438 1935 602 1968 vestrum
624 1931 778 1968 utervis.
834 1932 895 1969 Ne
914 1944 978 1968 vos
999 1930 1147 1980 quidem
1171 1929 1249 1966 Titi
1268 1927 1398 1966 Pontii

215 1982 446 2020 centurionis
466 1984 561 2020 vires
581 1984 750 2022 habetis:
781 1996 871 2022 num
900 1985 1039 2022 idcirco
1059 1988 1116 2021 est
1133 1983 1197 2020 ille
1216 1988 1397 2032 praestan-

215 2035 290 2071 tior
307 2035 326 2072 Ρ
382 2036 595 2075 Moderatio
623 2038 736 2075 modo
756 2038 889 2075 virium
910 2039 1019 2083 adsit,
1040 2043 1079 2075 et
1096 2042 1257 2080 tantum,
1279 2048 1398 2085 quan-

215 2094 296 2125 tum
311 2094 448 2137 potest,
461 2091 619 2140 quisque
638 2092 803 2129 nitatur:
824 2104 883 2128 nae
896 2092 960 2129 ille
971 2104 1047 2128 non
1062 2103 1201 2140 magno
1213 2089 1399 2127 desiderio

214 2142 406 2179 tenebitur
426 2144 571 2181 virium.
630 2144 816 2194 Olympias
837 2159 904 2195 per
924 2146 1084 2183 stadium
1106 2145 1298 2193 ingressus
1317 2155 1397 2179 esse

218 2195 312 2232 Milo
350 2196 499 2242 dicitur,
535 2211 649 2246 quum
679 2199 843 2236 humeris
871 2200 1072 2237 sustineret
1097 2199 1228 2235 bovem
1257 2196 1398 2233 vivum.

220 2248 358 2286 Utrum
378 2249 495 2298 igitur
509 2251 574 2288 has
587 2252 763 2301 corporiS‚
784 2266 831 2290 an
850 2253 1076 2303 Pythagorae
1090 2252 1160 2290 tibi
1178 2250 1285 2288 malis
1303 2250 1401 2286 vires

217 2302 360 2351 ingenii
387 2304 469 2341 dari
488 2304 507 2341 P
563 2304 739 2354 Denique
771 2307 843 2344 isto
880 2308 980 2345 bono
1007 2312 1127 2352 utare,
1156 2305 1247 2343 dum
1274 2303 1398 2346 adsit;

217 2368 333 2404 quum
351 2357 459 2405 absit,
480 2371 528 2395 ne
548 2360 712 2407 requiras
732 2373 741 2397 ε
771 2361 845 2398 nisi
862 2360 958 2399 forte
973 2361 1226 2399 adolescentes
1244 2356 1399 2409 pueriti-
