1496 2671
551 87 892 126 PAUSANIAS.
1274 91 1319 126 19

132 198 281 237 eultum
310 196 568 244 vestitumque
595 195 771 232 mutavit.
829 196 1033 244 Apparatu
1058 195 1166 244 regio
1186 196 1320 233 uteba-

136 260 211 295 tur,
243 257 349 288 veste
368 248 537 287 Medica:
558 249 741 286 satellites
762 248 869 286 Medi
898 255 936 286 et
965 249 1154 298 Aegyptii
1182 261 1318 298 seque-

135 306 290 342 bantur:
320 303 546 352 epulabatur
574 315 678 340 more
708 300 909 339 Persarum
936 303 1175 340 luxuriosius
1203 315 1318 351 quam

133 357 200 407 qui
219 357 378 394 aderant
397 356 545 406 perpeti
563 361 732 405 possent:
753 356 899 393 aditum
928 357 1147 404 petentibus
1178 368 1318 393 conve-

133 410 266 447 niendi
295 423 372 447 non
405 411 533 447 dabat:
565 410 728 458 superbe
757 410 1022 458 respondebat,
1055 415 1093 446 et
1112 410 1319 447 crudeliter

132 464 362 513 imperabat:
395 462 572 512 Spartam
591 463 717 500 redire
736 463 904 500 nolebat.
962 461 1144 508 Golonas‚
1174 463 1241 512 qui
1260 463 1318 500 lo·

132 530 200 555 cus
218 518 260 554 in
279 529 371 567 agro
392 517 543 554 Troade
562 523 630 560 est,
660 529 700 554 se
720 517 949 553 contulerat:
979 516 1032 553 ibi
1052 517 1211 554 consilia
1229 529 1318 554 cum

132 571 279 619 patriae
298 578 377 607 tum
399 571 472 608 sibi
491 570 646 607 inimica
666 570 854 618 capiebat.
909 570 957 606 Id
976 575 1177 618 postquam
1197 570 1317 608 Lace-

132 624 322 662 daemonii
341 624 592 668 resciverunt,
614 624 758 672 legatos
773 624 821 660 ad
836 636 924 660 eum
939 635 1026 660 cum
1042 621 1188 672 scytala
1202 624 1316 661 mise-

131 683 233 723 runt,
254 677 295 714 in
314 676 401 725 qua,
422 688 531 715 more
550 677 712 722 illorum,
732 683 815 714 erat
834 677 1033 725 seriptum,
1061 677 1138 713 nisi
1164 677 1317 713 domum

130 737 393 776 reverteretur,
413 744 451 767 se
469 731 605 781 capitis
633 743 716 766 eum
743 731 1010 767 damnaturos.
1067 730 1154 767 Hoc
1182 731 1318 767 nuntio

131 791 354 831 commotus,
368 797 536 834 sperans,
551 797 590 822 se
602 785 718 821 etiam
739 784 901 833 pecunia
916 790 954 821 et
968 784 1150 833 potentia,
1167 784 1316 821 instans

130 839 344 886 periculum
377 849 490 887 posse
523 838 725 886 depellere‚
756 838 911 875 domum
948 838 1078 875 rediit.
1145 837 1237 874 Huc
1274 844 1318 874 ut

131 892 252 938 venit,
268 893 315 929 ab
328 892 481 940 ephoris
496 892 536 928 in
551 892 704 929 vincula
720 891 874 940 publica
888 891 1084 939 conjectus
1098 897 1167 928 est.
1209 889 1318 928 Licet

131 946 233 982 enim
269 945 418 994 legibus
456 958 589 982 eorum
627 946 751 982 cuivis
785 945 926 993 ephoro
954 946 1028 982 hoc
1059 944 1186 982 facere
1219 945 1315 993 regi.

131 998 237 1035 Hinc
256 1005 384 1035 tamen
404 1011 444 1036 se
463 999 677 1047 expedivit:
704 1010 828 1046 neque
848 1011 891 1035 eo
911 999 1033 1047 magis
1061 999 1215 1035 carebat
1235 1010 1317 1035 sus-

129 1051 298 1100 picione:
326 1064 415 1088 nam
447 1052 577 1100 opinio
606 1053 796 1095 manebat,
828 1063 915 1087 eum
946 1064 1032 1088 cum
1065 1064 1157 1100 rege
1176 1052 1318 1089 habere

131 1105 366 1142 societatem.
447 1104 519 1141 Est
565 1117 687 1153 genus
735 1105 925 1153 quoddam
963 1105 1173 1149 hominum,
1212 1105 1316 1153 quod

129 1157 284 1195 Helotes
303 1163 473 1204 vocatur,
498 1171 660 1207 quorum
680 1170 820 1206 magna
839 1158 1045 1195 multitudo
1065 1171 1176 1207 agros
1198 1157 1317 1196 Lace-

130 1212 416 1249 daemoniorum
430 1211 531 1256 colit‚
546 1224 821 1260 servorumque
833 1224 991 1248 munere
1003 1211 1194 1260 fungitur.
1233 1211 1318 1248 Hos

129 1278 280 1315 quoque
312 1265 504 1303 solicitare
536 1277 603 1314 spe
635 1265 824 1302 libertatis
865 1265 1172 1302 existimabatur.
1244 1264 1320 1302 Sed

129 1320 232 1367 quod
250 1320 387 1356 harum
405 1332 535 1356 rerum
563 1318 712 1355 nullum
744 1323 826 1355 erat
856 1323 1032 1367 apertum
1065 1319 1211 1356 crimen
1242 1331 1318 1367 quo

130 1373 240 1422 argui
269 1378 408 1420 posset,
428 1385 504 1409 non
532 1373 719 1421 putabant
748 1373 794 1408 de
822 1372 889 1408 tali
919 1378 1074 1420 tamque
1102 1372 1206 1409 claro
1234 1373 1319 1409 viro

129 1426 411 1475 suspicionibus
431 1432 606 1474 oportere
619 1425 799 1474 judicari,
821 1426 886 1462 sed
905 1426 1208 1474 exspectandum
1228 1425 1318 1462 dum

129 1492 169 1517 se
188 1480 270 1528 ipsa
288 1492 349 1517 res
368 1481 546 1528 aperiret.

131 1616 231 1655 CAP.
251 1617 328 1655 IV.
357 1618 590 1663 Pausanias,
620 1617 659 1654 T
656 1619 792 1654 aenari
809 1618 849 1654 in
878 1618 972 1654 aede
991 1617 1168 1668 iVeptum‘
1194 1617 1319 1656 obser-

471 1677 590 1715 vatus,
611 1683 648 1708 se
667 1671 792 1722 ipS‘ccm
811 1671 971 1709 indicat.

181 1747 365 1784 INTERm
384 1746 560 1796 Argilius
580 1747 735 1795 quidam
757 1747 1074 1793 adolescentulus,
1091 1760 1205 1796 quem
1226 1761 1319 1797 pue-

128 1814 213 1837 rum
233 1801 439 1838 Pausanias
454 1813 582 1839 amore
596 1813 760 1838 venereo
776 1801 977 1847 dilexerat,
991 1814 1110 1849 quum
1122 1803 1319 1850 epistolam

129 1856 177 1891 ab
204 1867 249 1891 eo
278 1855 325 1891 ad
345 1853 583 1892 Artabazum
612 1855 830 1903 accepisset,
852 1854 964 1903 eique
992 1855 1033 1890 in
1060 1856 1318 1904 suspicionem

129 1909 308 1953 venisset,
329 1909 474 1957 aliquid
491 1909 532 1944 in
552 1906 597 1945 ea
615 1908 663 1945 de
683 1921 722 1944 se
747 1920 829 1945 esse
858 1909 1055 1957 scriptum,
1077 1909 1179 1956 quod
1206 1922 1319 1947 nemo

130 1974 262 1998 eorum
281 1962 457 1999 rediisset
476 1962 543 2011 qui
563 1974 673 2010 super
695 1962 762 1999 tali
783 1959 897 1999 causa
917 1962 1049 1999 eodem
1069 1962 1176 1999 missi
1195 1970 1317 2008 erant,

130 2015 286 2052 vincula
311 2015 494 2064 epistolae
521 2015 680 2060 laxavit,
711 2015 896 2063 signoque
924 2016 1095 2052 detracto
1123 2017 1316 2064 cognovit,

131 2068 163 2104 si
190 2068 423 2116 pertulisset,
450 2069 522 2106 sibi
549 2081 630 2106 esse
656 2069 908 2117 pereundum.
963 2069 1089 2107 Erant
1116 2069 1156 2120 11¹
1185 2068 1318 2107 eadem

130 2119 302 2169 epistola,
334 2134 431 2169 quae
468 2123 517 2159 ad
553 2135 598 2160 ea
634 2123 878 2171 pertinebant
914 2134 1014 2169 quae
1050 2120 1152 2160 inter
1188 2135 1317 2172 regem

129 2174 438 2223 Pausaniamque
463 2182 734 2213 convenerant.
791 2176 875 2213 Has
908 2176 974 2213 ille
1003 2176 1134 2213 literas
1164 2177 1319 2225 ephoris

129 2228 302 2265 tradidit.
357 2228 447 2265 Non
476 2235 533 2266 est
560 2230 839 2278 praetereunda
865 2229 1036 2277 gravitas
1063 2230 1318 2267 Lacedaemo-

128 2281 281 2318 niorum
299 2282 370 2318 hoe
389 2281 486 2319 loco:
515 2295 603 2319 nam
621 2295 669 2320 ne
687 2282 803 2331 hujus
820 2283 975 2332 quidem
1002 2283 1144 2320 indicio
1163 2283 1319 2332 impulsi

131 2340 232 2382 sunt,
253 2340 295 2372 ut
314 2335 545 2373 Pausaniam
560 2337 943 2385 comprehenderent3
970 2349 1094 2386 neque
1113 2337 1223 2386 prius
1239 2337 1317 2373 vim
