1496 2671
380 106 584 145 LAELIUS
611 105 687 144 DE
714 106 976 145 AMICITIA.
1212 107 1259 143 17

88 223 201 255 esset.
254 213 354 253 Nam
387 212 458 249 hoc
493 211 637 261 quidem
672 211 708 247 in
740 212 869 250 talibus
906 214 988 250 viris
1012 212 1096 262 quid
1132 214 1256 251 attinet

94 271 223 316 dicere,
252 268 281 306 si
300 264 550 311 contendisset,
580 266 851 314 impetraturum
879 278 951 303 non
981 265 1114 314 suisse;
1140 279 1254 316 quum

92 323 139 360 illi
158 321 370 360 sanctissimi
388 319 451 355 viri
470 317 612 365 suerint,
627 330 729 368 aeque
757 326 878 357 autem
907 319 1007 357 nefas
1025 321 1082 366 sit,
1095 320 1165 358 tale
1193 321 1256 358 ali·

90 375 177 426 quid
194 381 229 413 et
255 373 373 411 facere
401 377 579 422 rogatum,
601 379 637 410 et
662 384 785 420 rogare
803 374 823 411 ⁴?
876 372 930 410 At
956 385 1041 410 vero
1073 373 1256 413 Tiberium

92 427 300 468 Gracchum
335 427 572 476 sequebantur
609 426 718 463 Caius
756 425 890 472 Carbo,
928 427 1040 464 Caius
1074 426 1180 475 Cato,
1223 434 1258 466 et

90 484 238 521 minime
256 488 334 518 tum
351 480 497 529 quidem
513 480 628 518 Caius
646 478 762 524 frater,
791 492 891 517 nunc
918 480 1014 518 idem
1043 482 1251 520 acerrimus.

142 533 232 573 XII.
261 535 327 573 40.
356 533 448 572 Haec
466 534 567 582 igitur
579 533 681 570 lexin
702 533 859 570 amicitia
874 535 1066 581 sanciatur,
1086 541 1125 572 ut
1140 547 1255 585 neque

89 600 252 638 rogemus
278 601 334 626 res
361 595 493 637 turpes,
522 599 591 624 nec
619 586 797 624 faciamus
823 588 945 635 rogati.
1000 587 1130 637 Turpis
1156 590 1254 626 enim

87 643 277 681 excusatio
294 648 347 680 est
363 650 398 679 et
419 641 564 678 minime
583 639 808 690 accipienda,
828 653 940 690 quum
960 642 996 678 in
1011 643 1136 680 ceteris
1164 654 1250 692 pec-

83 697 188 742 catis,
216 702 291 734 tum
320 695 347 733 si
378 695 455 745 quis
482 701 605 731 contra
640 695 899 744 rempublicam
938 706 977 731 se
1006 695 1113 732 amici
1142 708 1253 733 causa

85 749 214 787 fecisse
231 749 395 787 fateatur.
432 748 578 785 Etenim
597 760 642 784 eo
658 749 748 793 loco,
768 748 884 785 Fanni
904 755 941 785 et
959 747 1137 794 semota,
1152 749 1251 786 loca-

83 804 110 840 ti
128 816 264 845 sumus,
286 809 326 841 ut
344 815 408 839 nos
434 803 537 850 longe
565 803 766 852 prospicere
795 808 956 851 oporteat
983 801 1118 840 futuros
1147 805 1254 840 casus

84 857 304 906 reipublicae.
359 855 518 894 Deflexit
535 857 632 893 enim
657 854 736 904 jam
765 856 1024 905 aliquantulum
1059 855 1104 892 de
1139 857 1254 906 spatio

84 911 337 959 curriculoque
372 910 595 947 consuetudo
623 908 815 958 majorum.
871 908 1034 947 Tiberius
1063 909 1254 947 Gracchus

86 976 236 1012 regnum
274 975 456 1014 occupare
493 970 645 1000 conatus
671 969 750 1004 est:
778 963 836 999 vel
863 964 1021 1011 regnavit
1049 963 1078 1000 is
1105 963 1248 1012 quidem

84 1029 221 1067 paucos
241 1030 398 1056 menses.
451 1017 513 1055 41.
543 1017 643 1054 Num
664 1016 748 1065 quid
767 1016 880 1054 simile
892 1017 1047 1066 populus
1066 1015 1252 1055 Romanus

83 1070 246 1109 audierat
272 1078 336 1108 aut
365 1071 529 1108 viderat?
584 1069 695 1107 Hunc
723 1070 831 1106 etiam
860 1077 941 1119 post
960 1077 1110 1108 mortem
1136 1072 1252 1108 secuti

85 1124 192 1161 amici
211 1131 248 1163 et
265 1125 466 1174 propinqui,
485 1124 567 1173 quid
583 1124 618 1160 in
643 1123 803 1161 Publium
826 1123 1034 1172 Scipionem
1051 1124 1248 1171 effecerint,

83 1178 160 1213 sine
179 1179 335 1215 lacrimis
363 1190 434 1215 non
455 1190 549 1227 queo
568 1177 700 1215 dicere.
754 1177 852 1215 Nam
875 1177 1083 1215 Carbonem
1103 1190 1246 1228 quoquo

83 1230 190 1268 modo
205 1232 398 1281 potuimus,
411 1237 553 1280 propter
567 1237 747 1267 recentem
767 1244 913 1280 poenam
933 1230 1066 1268 Tiberii
1078 1230 1253 1278 Gracchi,

83 1285 334 1322 sustinuimus.
391 1285 448 1322 De
467 1284 551 1322 Caii
565 1283 724 1320 Gracchi
740 1291 860 1322 autem
877 1285 1074 1322 Tribunatu
1089 1285 1251 1335 quidex·

83 1345 258 1388 spectem,
278 1351 350 1376 non
369 1339 453 1375 libet
467 1339 640 1386 augurari.
698 1337 814 1388 Serpit
828 1337 957 1375 deinde
975 1350 1053 1377 res:
1072 1352 1151 1389 quae
1171 1352 1250 1388 pro—

83 1392 212 1430 clivius
227 1392 273 1429 ad
291 1393 500 1441 perniciem,
515 1404 627 1440 quum
643 1392 753 1429 semel
774 1392 893 1441 coepit,
906 1391 1047 1429 labitur.
1102 1391 1251 1438 Videtis,

80 1447 118 1482 in
137 1446 266 1483 tabella
282 1446 359 1495 jam
379 1452 461 1482 ante
479 1452 612 1495 quanta
630 1446 674 1482 sit
701 1444 796 1482 sacta
822 1446 933 1490 labes,
952 1446 1068 1495 primo
1097 1446 1252 1484 Gabinia

80 1500 170 1548 lege,
186 1499 317 1536 bienno
332 1506 452 1536 autem
470 1506 562 1548 post,
573 1500 712 1536 Cassia.
767 1499 897 1537 Videre
908 1497 986 1547 jam
999 1499 1120 1538 videor
1133 1513 1249 1551 popu-

78 1553 157 1590 lum
170 1565 191 1589 a
204 1552 339 1591 Senatu
354 1552 586 1601 disjunctum,
599 1551 900 1602 multitudinisque
916 1553 1056 1590 arbitrio
1070 1566 1127 1592 res
1143 1567 1250 1592 max-

79 1609 172 1644 imas
187 1608 252 1655 agi.
310 1607 435 1644 Plures
449 1607 545 1643 enim
562 1606 712 1652 discent,
728 1606 1033 1656 quemadmodum
1050 1606 1130 1645 haec
1148 1608 1248 1653 fiant,

76 1672 190 1710 quam
205 1659 509 1709 quemadmodum
524 1659 580 1696 his
598 1661 789 1697 resistatur.
844 1661 909 1698 42.
939 1661 1122 1706 Quorsum
1143 1661 1248 1700 haecz

80 1715 178 1759 Quia
195 1715 272 1751 sine
284 1715 390 1751 sociis
402 1725 510 1750 nemo
522 1714 716 1763 quidquam
730 1715 800 1751 tale
815 1721 976 1752 conatur.
1032 1714 1247 1765 Praecipien-

76 1767 164 1806 dum
177 1774 232 1805 est
244 1768 346 1816 igitur
360 1767 474 1813 bonis,
491 1774 540 1812 ut,
555 1768 583 1805 si
602 1768 636 1804 in
655 1766 832 1816 ejusmodi
846 1768 1023 1805 amicitias
1034 1769 1142 1817 ignari
1159 1782 1246 1808 casu

76 1822 196 1871 aliquo
209 1821 462 1867 inciderint,ne
476 1821 694 1867 existiment,
707 1823 754 1858 ita
771 1834 809 1859 se
827 1822 996 1871 alligatos,
1009 1829 1047 1859 ut
1060 1822 1106 1859 ab
1121 1823 1247 1860 amicis

76 1874 112 1910 in
131 1887 168 1912 re
187 1875 332 1925 publica
349 1875 585 1924 peccantibus
605 1887 675 1911 non
695 1875 880 1912 discedant
898 1887 906 1912 :
935 1875 1102 1926 improbis
1121 1883 1243 1915 autem

78 1941 185 1976 poena
203 1928 389 1966 statuenda
407 1935 485 1966 est:
512 1941 581 1966 nec
600 1941 684 1966 vero
704 1930 817 1966 minor
835 1930 887 1977 iis,
907 1931 967 1978 qui
986 1930 1124 1979 sequuti
1143 1938 1246 1968 erunt

78 1983 243 2027 alterum,
262 1995 370 2032 quam
386 1982 440 2029 iis,
456 1983 513 2031 qui
535 1984 600 2031 ipsi
618 1982 747 2020 fuerint
761 1984 953 2032 impietatis
967 1983 1093 2021 duces·
1149 1983 1241 2029 Quis

79 2035 205 2073 clarior
231 2036 268 2072 in
305 2034 446 2072 Graecia
482 2034 757 2074 Themistocle?
802 2037 880 2085 quis
907 2037 1112 2086 potentior!
1166 2037 1242 2084 Qui

76 2101 189 2138 quum
209 2087 406 2138 Imperator
431 2090 523 2127 bello
554 2089 698 2128 Persico
726 2092 892 2128 servitute
926 2090 1107 2128 Graeeiam
1138 2091 1241 2129 liber-

75 2149 182 2188 asset,
200 2150 412 2192 propterque
430 2143 599 2181 invidiam
614 2145 649 2181 in
668 2145 836 2182 exsilium
855 2145 984 2182 missus
1002 2151 1107 2192 esset,
1126 2145 1242 2194 ingl-a„

77 2205 122 2235 tae
148 2197 272 2246 patriae
300 2195 469 2245 injuriam
497 2209 567 2234 non
587 2199 676 2243 tulit,
705 2211 814 2247 quam
842 2197 930 2235 ferre
949 2197 1081 2236 debuit.
1137 2198 1241 2237 Fecit

78 2249 186 2296 idem,
205 2250 301 2300 quod
327 2263 380 2288 xx
408 2250 512 2287 annis
529 2258 610 2288 ante
630 2252 726 2301 apud
754 2265 819 2289 nos
846 2251 980 2290 fecerat
1010 2250 1238 2291 Con'olanus.

78 2304 146 2341 His
163 2303 304 2354 adjutor
330 2311 454 2341 contra
482 2306 631 2354 patriam
658 2306 825 2344 inventus
852 2311 906 2343 est
934 2318 1054 2345 nem0.
1111 2305 1238 2355 Itaque

74 2362 225 2397 mortem
244 2358 310 2396 sibi
328 2364 472 2408 uterque
492 2358 687 2451 conscigiZ
715 2359 780 2398 43.
809 2360 932 2407 Quare
953 2360 1033 2398 talis
1052 2359 1234 2411 improbo-
