1496 2671
206 163 251 198 Η
538 159 582 197 G.
612 158 767 197 JULII
798 156 1055 197 CAESARIS

201 269 315 306 visse.
346 266 474 305 Caesar
494 277 584 304 suas
603 266 731 315 copias
750 267 790 302 in
809 265 1030 315 proximum
1048 264 1183 303 collem
1198 262 1390 308 subducit,

200 322 321 359 aciem
357 320 529 357 instruit.
585 320 792 366 Labienus,
830 327 873 356 ut
909 325 992 356 erat
1026 319 1062 356 ei
1098 323 1332 368 praeceptum
1368 330 1392 355 a

201 375 364 419 Caesare,
403 386 452 411 ne
488 373 667 422 proelium
701 373 976 417 committeret,-
1008 372 1083 410 nisi
1119 372 1242 421 ipsius
1270 371 1389 420 copiae

199 440 318 477 prope
337 428 508 465 hostium
527 433 652 465 castra
672 427 763 464 visae
782 432 920 471 essent,
943 431 986 462 ut
1004 426 1175 474 undique
1195 437 1272 462 uno
1291 430 1389 461 tem-

200 494 291 530 pore
319 482 361 518 in
389 481 518 518 hostes
544 481 711 530 impetus
738 481 860 523 fieret,
890 484 1025 526 monte„
1037 483 1221 527 occupato
1240 484 1392 515 nostros

199 535 449 584 exspectabat
478 534 691 584 proelioque
719 533 949 571 abstinebat.
1006 532 1134 569 Multo
1147 532 1313 580 denique
1327 531 1391 568 die

198 601 276 637 per,
305 588 569 637 exploratores
608 587 738 624 Caesar
769 585 962 635 cognovit,
997 592 1036 623 et
1062 592 1232 623 montem
1260 598 1283 622 a
1311 584 1391 622 suis

199 643 338 686 teneri,
348 648 386 679 et
399 641 603 679 Helvetios
618 647 743 678 castra
755 640 932 684 movisse,
943 644 982 676 et
999 638 1238 684 Considium,
1252 638 1391 676 timore

198 695 459 744 perterritum,
480 695 582 743 quod
597 707 673 731 non
689 694 847 731 vidisset
863 705 932 741 pro
947 692 1030 730 viso
1045 691 1119 729 sibi
1131 692 1390 730 renunciasse.

199 749 259 785 Eo
296 749 372 794 die,
409 761 486 797 quo
514 753 718 785 consuerat
745 745 950 784 intervallo
978 746 1107 783 hostes
1135 746 1320 794 sequitur,
1351 751 1392 783 et

198 802 319 839 millia
338 814 517 851 passuum
538 801 614 838 tria
633 801 682 838 ab
701 812 834 838 eorum
854 798 991 836 castris
1009 804 1136 837 castra
1153 799 1277 848 ponit.

253 855 423 892 XXIII.
451 855 646 892 Postridie
683 853 766 902 ejus
798 852 889 898 diei,
914 853 1017 901 quod
1045 852 1202 889 omnino
1229 851 1390 890 biduum

197 915 408 958 supererat,
430 920 551 956 quum
570 908 760 945 exercitui
780 906 1019 943 frumentum
1046 905 1176 943 metiri
1196 911 1391 955 oporteret

199 970 236 1000 et
255 962 358 1011 quod
377 975 400 999 a
418 961 614 1006 Bibracte,
631 961 772 1010 oppido
788 960 1009 996 AEduorum
1023 959 1138 1008 longe
1158 959 1327 996 maximo
1346 971 1392 996 ac

198 1016 473 1065 copiosissimo,
512 1027 589 1052 non
627 1014 792 1063 amplius
829 1013 1001 1050 millibus
1037 1025 1191 1062 passum
1238 1011 1392 1049 XVIII

199 1070 342 1114 aberat,
362 1069 420 1106 rei
441 1068 704 1106 frumentariae
723 1067 1033 1116 prospiciendum
1048 1066 1299 1111 existimavit,
1315 1065 1392 1103 iter

198 1124 246 1160 ab
267 1123 462 1160 Helvetiis
482 1122 626 1160 avertit
644 1134 689 1159 ac
707 1121 891 1158 Bibracte
911 1120 969 1157 ire
988 1120 1202 1157 contendit.
1248 1119 1308 1156 Ea
1326 1131 1389 1157 res

197 1188 267 1225 per
285 1176 474 1227 fugitivos
493 1176 542 1212 L.
557 1174 726 1220 AEmilii,
746 1174 964 1212 decurionis
983 1174 1158 1222 equitum
1175 1171 1391 1219 Gallorum,

197 1230 374 1267 hostibus
393 1229 615 1267 nunciatur.
673 1228 862 1273 Helvetii,
881 1240 948 1265 seu
968 1227 1070 1276 quod
1085 1227 1223 1264 timore
1240 1231 1388 1275 perter-

197 1284 293 1321 ritos
312 1283 507 1321 Romanos
527 1283 723 1320 discedere
755 1294 778 1319 a
810 1293 852 1319 se
885 1280 1168 1326 existimarent,
1188 1292 1233 1317 eo
1253 1279 1390 1328 magis,

197 1338 301 1385 quod
319 1337 456 1386 pridie,
479 1336 741 1386 superioribus
760 1335 854 1372 locis
873 1334 1083 1383 occupatis,
1113 1333 1294 1382 proelium
1312 1345 1391 1371 non

197 1391 494 1433 commisissent3
522 1390 605 1427 sive
624 1402 681 1434 eo,
701 1389 804 1438 quod
829 1400 871 1426 re
897 1387 1154 1424 frumentaria
1183 1386 1391 1424 intercludi

198 1457 309 1494 posse
341 1444 602 1481 confiderent.
641 1447 874 1480 commutato
908 1440 1068 1478 consilio
1102 1446 1218 1489 atque
1250 1439 1390 1477 itinere

198 1510 341 1535 conve1
343 1509 396 1543 so,
416 1502 568 1534 nostros
589 1509 610 1534 a
629 1496 841 1533 novissimo
860 1494 1015 1544 agmine
1034 1494 1186 1543 insequi
1206 1506 1250 1532 ac
1268 1492 1388 1531 laces-

198 1563 282 1589 sere
301 1556 512 1599 coeperunt.

251 1604 414 1642 XXIV.
444 1604 657 1652 Postquam
675 1602 717 1639 id
736 1602 907 1640 animum
932 1600 1112 1646 advertit,
1143 1599 1272 1648 copias
1300 1612 1390 1638 suas

200 1657 358 1697 Caesar
348 1671 390 1694 m
409 1657 630 1707 proximum
645 1656 781 1694 collem
796 1655 989 1701 subducit,
1005 1655 1307 1703 equitatumque,
1321 1653 1390 1702 qui

198 1712 406 1750 sustineret
439 1711 608 1748 hostium
632 1710 832 1770 impetum,
865 1708 983 1745 misit.
1038 1708 1130 1757 Ipse
1161 1706 1320 1744 interim
1346 1706 1389 1743 in

198 1765 294 1803 colle
312 1765 439 1802 medio
457 1764 652 1813 triplicem
670 1764 791 1801 aciem
810 1762 999 1799 instruxit
1012 1761 1209 1810 legionum
1223 1765 1391 1809 quatum

197 1825 480 1879 veteranarum,
501 1818 567 1862 ita,
589 1817 646 1854 uti
666 1829 783 1878 supra
802 1828 843 1853 se
861 1816 903 1852 in
915 1827 1064 1852 summo
1072 1813 1170 1863 jugo
1186 1813 1280 1850 duas
1291 1813 1387 1863 legi-

198 1885 304 1934 ones,
323 1885 418 1921 quas
436 1872 478 1908 in
499 1868 630 1909 Gallia
647 1870 825 1908 citeriore
845 1868 1021 1918 proxime
1041 1867 1333 1916 conscripserat,
1348 1872 1388 1904 et

198 1926 327 1964 omnia
346 1925 495 1963 auxilia
513 1924 731 1962 collocaret:
761 1935 805 1961 ac
833 1929 958 1960 totum
976 1927 1147 1958 montem
1165 1920 1388 1958 hominibus

198 1979 396 2029 compleri,
425 1986 463 2016 et
491 1979 641 2016 interea
669 1978 838 2015 sarcinas
857 1976 899 2012 in
919 1988 1042 2013 unum
1059 1974 1188 2012 locum
1206 1973 1389 2020 conferri,

198 2039 237 2071 et
257 2046 344 2071 eum
364 2034 413 2071 ab
431 2033 503 2077 his,
525 2032 592 2080 qui
611 2032 653 2068 in
673 2031 871 2080 superiore
899 2029 981 2066 acie
1007 2028 1272 2072 constiterant,
1302 2040 1388 2065 mu-

199 2087 275 2124 niri
288 2086 420 2135 jussit.
478 2085 666 2147 Helvetii,
685 2097 773 2122 cum
792 2083 969 2121 omnibus
998 2084 1077 2119 suis
1105 2081 1226 2119 carris
1253 2080 1387 2126 secuti,

198 2139 502 2203 impedimenta
491 2152 532 2176 in
552 2151 673 2176 unum
692 2138 817 2175 locum
836 2135 1099 2174 contulerunt.
1127 2135 1217 2184 ipsi,
1236 2133 1389 2172 confer-

198 2191 348 2231 tissima
366 2193 449 2231 acie
467 2191 610 2240 rejecto
629 2197 761 2229 nostro
781 2190 967 2239 equitatu,
984 2189 1175 2239 phalange
1192 2185 1297 2226 facta
1316 2188 1387 2225 sub

198 2247 363 2296 primam
383 2252 554 2284 nostram
573 2246 695 2283 aciem
714 2248 995 2282 successerunt.

252 2299 391 2338 XXV.
423 2299 565 2345 Caesar,
585 2299 752 2347 primum
772 2310 853 2343 suo,
872 2297 1010 2334 deinde
1029 2296 1201 2334 omnium
1229 2307 1279 2332 ex
1297 2306 1388 2331 con-

199 2359 333 2403 spectu
350 2353 508 2391 remotis
527 2352 647 2402 equis,
669 2357 712 2388 ut
731 2357 880 2401 aequato
899 2350 1071 2388 omnium
1090 2348 1262 2399 periculo
1280 2358 1387 2408 spem

198 2407 301 2457 fugae
337 2407 504 2454 tolleret,
549 2406 769 2445 cohortatus
815 2417 917 2452 suos,
963 2403 1143 2455 proelium
1183 2399 1387 2441 commisit.
