1496 2671
140 173 163 209 4
475 170 517 209 C.
548 170 703 210 ‹JULH
734 170 991 210 CAESARIS

139 284 206 317 aut
224 278 298 327 ipsi
318 277 359 314 in
378 290 510 315 eorum
531 278 671 315 finibus
699 278 844 316 bellum
869 284 1025 327 gerunt.
1077 277 1223 315 Eorum
1253 290 1330 316 una

139 344 239 380 pars,
260 345 376 380 quam
397 330 531 368 Gallos
549 332 724 369 obtinere
743 333 890 369 dictum
910 338 979 376 est,
1000 331 1156 368 initium
1184 332 1288 381 capit
1308 344 1331 369 a

139 385 296 422 flumine
312 385 742 428 Rhodan0300ntinetur
760 384 959 422 Garumna
969 385 1142 430 flumine,
1163 384 1329 429 Oceano,

138 439 280 475 finibus
306 438 534 486 Belgaru1n;
562 439 718 488 attingit
746 439 863 476 etiam
892 440 939 475 ab
964 437 1152 487 Sequanis
1173 444 1210 476 et
1233 438 1330 475 Hel-

138 492 254 529 vetiis
266 492 409 528 fiumen
425 492 622 535 Rhenum;
641 492 768 541 vergit
785 493 832 529 ad
847 492 1140 540 septentriones.
1197 491 1330 540 Belgae

138 547 186 583 ab
207 545 391 582 extremis
412 543 549 582 Galliae
568 546 710 582 finibus
729 546 918 589 oriuntur,
948 545 1145 593 pertinent
1163 545 1211 582 ad
1230 544 1330 582 infe-

138 600 277 636 riorem
299 604 447 647 partem
465 598 636 635 fluminis
653 599 789 643 Rheni,
804 604 978 646 spectant
993 598 1034 634 in
1050 598 1330 646 septentriones

138 658 177 690 et
196 652 383 689 orientem
411 652 540 689 solem.
598 652 814 700 Aquitania
834 664 856 688 a
876 648 1079 688 Garumna
1096 651 1255 688 flumine
1283 652 1332 688 ad

138 705 345 754 Pyrenaeos
373 712 522 743 montes
550 711 589 743 et
617 717 700 742 eam
730 711 878 753 partem
908 703 1064 749 Oceani,
1095 717 1180 753 quae
1207 710 1265 742 est
1283 705 1332 742 ad

140 759 382 809 Hispaniam,
403 759 583 808 pertinet,
605 765 752 807 spectat
770 758 873 795 inter
887 770 1065 795 occasum
1079 758 1170 795 solis
1190 764 1229 795 et
1246 770 1332 807 sep-

139 813 361 850 tentriones

192 866 251 903 ΙΙ.
281 865 399 915 Apud
422 865 625 902 Helvetios
644 865 758 912 longe
777 864 1039 901 nobilissimus
1060 869 1098 901 et
1117 863 1332 901 ditissimus

138 919 214 957 fuit
244 919 467 968 Orgetorix.
524 918 565 955 Is
594 916 651 955 M.
681 916 848 956 Messala
876 924 915 955 et
943 915 999 954 M.
1030 917 1182 961 Pisone,
1221 915 1331 954 Coss.

137 973 249 1022 regni
286 973 498 1021 cupiditate
543 972 725 1009 inductus
769 971 1074 1019 conjurationem
1118 970 1333 1007 nobilitatis

137 1026 240 1071 fecit,
262 1032 301 1064 et
319 1026 468 1063 civitati
488 1026 691 1075 persuasit,
713 1031 756 1062 ut
775 1025 822 1062 de
841 1025 983 1061 finibus
1002 1024 1082 1062 suis
1101 1036 1189 1061 cum
1208 1023 1332 1061 omni-

137 1081 210 1118 bus
223 1080 343 1129 copiis
359 1079 528 1117 exirent:
549 1078 733 1128 perfacile
748 1091 841 1124 esse,
859 1091 978 1127 quum
995 1078 1139 1115 virtute
1153 1077 1333 1114 omnibus

138 1139 377 1183 praestarent,
399 1133 519 1170 totius
541 1132 680 1170 Galliae
707 1132 872 1181 imperio
891 1132 1021 1180 potiri.
1078 1131 1126 1168 Id
1145 1131 1218 1167 hoc
1237 1130 1333 1168 faci-

137 1188 213 1224 lius
242 1187 296 1224 eis
325 1186 526 1236 persuasit,
556 1186 659 1235 quod
687 1186 859 1235 undique
886 1185 960 1223 loci
988 1186 1128 1222 natura
1157 1183 1333 1221 Helvetii

138 1241 413 1285 continentur3
449 1242 527 1277 una
557 1253 607 1278 ex
638 1245 747 1289 parte
776 1239 936 1276 flumine
965 1238 1114 1283 Rheno,
1144 1237 1333 1275 latissimo

138 1300 253 1344 atque
272 1294 468 1339 altissimo,
489 1294 556 1343 qui
575 1306 711 1342 agrum
728 1292 955 1330 Helvetium
971 1304 993 1329 a
1009 1291 1216 1329 Germanis
1231 1291 1332 1327 divi-

137 1349 193 1386 dit
200 1363 211 1392 ;
240 1349 362 1386 altera
380 1360 431 1385 ex
451 1352 561 1397 parte
581 1352 710 1384 monte
728 1346 830 1383 ‘Iura
849 1345 1049 1390 altissimo,
1070 1345 1138 1394 qui
1158 1350 1217 1382 est
1230 1345 1334 1381 inter

141 1402 339 1450 Sequanos
359 1407 397 1439 et
418 1400 620 1438 Helvetios
627 1415 637 1444 3
657 1400 773 1437 tertia
792 1400 878 1437 lacu
897 1398 1096 1436 Lemanno
1116 1403 1154 1435 et
1173 1397 1334 1435 flumine

137 1456 338 1500 Rhodano,
359 1454 427 1503 qui
444 1454 693 1492 Provinciam
712 1459 883 1491 nostram
902 1453 950 1489 ab
967 1451 1161 1490 Helvetiis
1180 1451 1333 1488 dividit.

138 1509 215 1547 His
234 1509 350 1546 rebus
369 1509 496 1552 fiebat,
518 1513 560 1544 ut
580 1513 618 1544 et
636 1507 765 1544 minus
783 1506 860 1544 late
879 1511 1126 1555 vagarentur,
1147 1510 1187 1543 et
1205 1504 1333 1541 minus

137 1562 251 1600 facile
271 1561 447 1598 finitimis
481 1560 626 1598 bellum
656 1560 800 1598 inferre
830 1565 1002 1609 possent:
1031 1561 1110 1608 qua
1139 1559 1187 1596 de
1216 1555 1334 1597 causa

136 1616 311 1654 homines
341 1615 510 1652 bellandi
547 1614 678 1663 cupidi
715 1626 856 1663 magno
885 1613 1016 1650 dolore
1053 1612 1331 1650 afficiebantur.

137 1670 217 1707 Pro
235 1669 485 1706 multitudine
504 1674 633 1705 autem
655 1667 855 1705 hominum
876 1672 912 1704 et
932 1679 1002 1715 pro
1020 1666 1145 1715 gloria
1162 1665 1254 1703 belli
1273 1671 1332 1702 at-

137 1736 212 1773 que
231 1722 471 1760 fortitudinis
491 1726 674 1771 angustos
694 1733 736 1758 se
754 1721 850 1757 fines
869 1720 1010 1757 habere
1030 1719 1330 1763 arbitrabantur,

138 1777 205 1826 qui
224 1777 266 1813 in
292 1775 577 1825 longitudinem
605 1774 726 1812 millia
753 1786 936 1822 passuum
956 1771 1118 1818 CCXL,
1138 1772 1180 1809 in
1199 1772 1331 1809 latitu-

137 1831 269 1868 dinem
290 1829 490 1868 CLXXX
509 1829 704 1878 patebant.

191 1883 272 1922 III.
303 1881 378 1921 His
410 1883 526 1920 rebus
554 1882 722 1927 adducti,
756 1886 796 1919 et
828 1879 1056 1918 auctoritate
1091 1878 1333 1928 Orgetorigis

138 1937 314 1987 permoti,
335 1937 623 1974 constituerunt
642 1948 687 1973 ea
705 1947 790 1984 quae
809 1934 857 1971 ad
875 1933 1192 1983 proficiscendum
1211 1932 1332 1982 perti-

138 1997 286 2036 nerent,
323 2002 545 2040 comparare
553 2004 563 2034 3
603 1988 869 2038 jumentorum
906 1992 945 2025 et
981 1999 1179 2024 carrorum
1216 1998 1333 2034 quam

138 2045 351 2082 maximum
370 2056 576 2081 numerum
595 2045 771 2081 coemere
778 2057 788 2086 3
808 2046 997 2078 sementes
1011 2052 1128 2089 quam
1143 2039 1333 2077 maximas

137 2098 277 2142 facere,
308 2104 352 2135 ut
377 2098 418 2134 in
447 2097 589 2134 itinere
614 2096 723 2145 copia
752 2094 936 2132 frumenti
966 2099 1213 2143 suppeteret:
1244 2105 1333 2130 cum

138 2151 327 2202 proximis
359 2151 583 2188 civitatibus
618 2162 749 2199 pacem
780 2154 819 2186 et
847 2147 1058 2186 amicitiam
1090 2147 1331 2184 confirmare.

139 2203 206 2242 Ad
225 2217 289 2242 eas
308 2217 369 2241 res
387 2204 644 2241 conficiendas
662 2202 861 2240 biennium
882 2201 957 2239 sibi
976 2201 1069 2239 satis
1098 2213 1181 2238 esse
1208 2200 1331 2237 duxe-

139 2264 241 2304 runt,
271 2258 313 2294 in
340 2258 499 2295 tertium
522 2269 664 2294 annum
686 2255 963 2305 profectionem
981 2255 1067 2304 lege
1086 2255 1329 2292 confirmant.

140 2312 208 2349 Ad
226 2323 290 2350 eas
318 2322 379 2349 res
409 2310 665 2348 conficiendas
697 2309 908 2359 Orgetorix
940 2308 1137 2358 deligitur.
1193 2307 1234 2344 Is
1264 2306 1332 2343 ubi

139 2365 370 2415 legationem
389 2364 437 2402 ad
456 2364 633 2402 civitates
652 2363 831 2413 suscepit,
851 2363 892 2399 in
913 2375 957 2400 eo
975 2363 1115 2400 itinere
1127 2360 1332 2410 persuadet

142 2418 307 2466 Castico,
330 2417 655 2457 Catamantaledis
674 2417 764 2463 filio,
789 2416 980 2465 Sequano,
995 2415 1106 2465 eujus
1120 2420 1229 2464 pater
1243 2424 1331 2461 reg-
