1496 2671
355 129 558 168 LAELIUS
587 128 663 166 DE
690 126 951 165 AMICITIA.
1189 125 1240 163 33

75 240 174 276 enim
193 239 334 277 dietum
353 241 409 274 est
427 236 474 273 ab
491 235 658 274 amando.
714 235 852 272 Amare
870 239 995 272 autem
1022 232 1113 270 nihil
1141 232 1242 270 aliud

74 299 140 336 est,
156 293 228 330 nisi
245 304 328 330 eum
347 291 468 340 ipsum
482 290 653 339 diligere,
670 301 778 338 quem
794 301 905 334 ames,
922 287 1023 324 nulla
1036 286 1243 336 indigentia

75 347 178 384 nulla
190 345 351 384 utilitate
365 343 533 392 quaesita.
589 342 676 380 101.
695 342 790 386 Quae
810 347 935 380 tamen
953 342 1032 391 ipsa
1051 340 1243 378 efflorescit

78 413 123 436 ex
143 398 316 444 amicitia,
337 397 450 435 etiam
470 397 500 434 si
519 402 660 434 tueam
688 396 809 432 miuus
837 401 1015 443 sequutus
1043 395 1104 431 sis.
1159 393 1244 431 Hac

78 466 143 490 nos
161 452 414 490 adolescentes
436 450 696 488 benevolentia
725 461 829 491 senes
854 450 937 487 illos
955 448 1114 486 Lucium
1134 447 1245 485 Paul·

76 507 165 552 lum,
187 506 355 543 Marcum
376 505 569 549 Catonem,
593 503 724 540 Caium
754 502 916 550 Gallum,
935 502 1110 539 Publium
1136 502 1245 539 Nasi-

76 571 166 605 cam,
202 559 393 596 Tiberium
438 558 660 604 Gracchum,
702 555 884 605 Scipionis
920 556 1038 593 nostri
1070 569 1247 600 socerum,

76 613 284 650 dileximus.
340 612 436 649 Haec
455 613 566 650 etiam
592 610 708 660 magis
737 609 856 647 elucet
883 610 980 647 inter
1008 610 1177 657 aequales,
1208 616 1249 647 ut

76 667 173 704 inter
191 679 250 703 me
269 671 306 704 et
326 666 548 715 Scipionem,
570 665 727 702 Lucium
748 663 914 710 Furium,
933 663 1106 700 Publium
1128 663 1248 712 Rupi-

74 720 175 766 lium,
206 720 385 769 Spurium
416 719 654 756 Mummium.
723 717 893 755 Vicissim
924 722 1048 755 autem
1078 730 1183 755 senes
1210 718 1248 753 in

72 774 360 818 adolescentium
382 774 536 810 caritate
554 771 819 821 acquiescimus
835 785 843 815 ;
876 775 917 809 ut
935 771 975 807 in
994 775 1127 815 vestra,
1148 777 1191 808 ut
1209 771 1248 807 in

76 827 209 872 Quinti
239 827 445 864 Tuberonis
467 840 474 864 :
518 826 689 875 equidem
734 825 844 863 etiam
885 825 1086 862 admodum
1123 825 1247 861 adole-

74 881 220 926 scentis,
269 880 393 918 Publii
446 881 591 925 Rutilii,
648 879 738 916 Auli
782 879 946 927 Virginii
998 878 1249 916 familiaritate

74 935 252 972 delector.
322 934 583 983 Quoniamque
619 933 672 970 ita
708 933 803 970 ratio
840 938 1052 981 comparata
1079 938 1135 970 est
1162 932 1247 969 vitae

76 994 291 1036 naturaeque
309 992 458 1032 nostrae,
480 993 522 1025 ut
542 987 613 1024 alia
632 993 719 1024 zetas
734 986 880 1023 'oriatur
899 999 945 1023 ex
963 986 1035 1023 alia
1051 1000 1058 1023 :
1091 986 1249 1022 maxime

75 1043 225 1090 quidem
244 1042 450 1090 optandum
472 1046 538 1086 est,
559 1046 601 1078 ut
628 1053 713 1077 cum·
731 1040 932 1088 aequalibus
950 1041 1078 1088 possis,
1100 1041 1248 1088 quibus-

74 1109 158 1132 cum
186 1100 362 1144 tanquam
391 1108 411 1131 e
439 1095 644 1132 carceribus
672 1094 825 1131 emissus
851 1094 911 1139 sis,
933 1106 1016 1130 cum
1042 1093 1173 1131 iisdem
1201 1095 1248 1130 ad

73 1149 222 1194 calcem,
252 1154 294 1186 ut
322 1149 471 1194 dicitur,
502 1148 708 1197 pervenire.
766 1147 854 1184 102.
886 1147 961 1185 Sed
988 1148 1160 1195 quoniam
1189 1161 1247 1184 res

74 1203 244 1240 humanae
262 1203 411 1251 fragiles
431 1202 654 1250 caducaeque
682 1207 780 1247 sunt,
810 1214 955 1250 semper
981 1201 1093 1249 aliqui
1119 1201 1249 1249 anqui-

75 1256 181 1293 rendi
222 1261 321 1300 sunt,
351 1268 440 1304 quos
481 1255 681 1304 diligamus
723 1260 760 1292 et
801 1267 822 1291 a
864 1255 996 1303 quibus
1034 1255 1249 1304 diligamur.

77 1310 243 1348 Caritate
263 1310 359 1346 enim
381 1309 713 1359 benevolentiaque
741 1309 897 1353 sublata,
920 1308 1040 1345 omnis
1060 1316 1116 1347 est
1134 1321 1153 1345 e
1173 1309 1249 1346 vita

76 1364 221 1401 sublata
231 1363 463 1412 jucunditas.
520 1363 616 1399 Mihi
635 1362 783 1411 quidem
804 1363 939 1411 Scipio,
962 1374 1171 1412 quanquam
1193 1368 1247 1400 est

73 1417 198 1455 subito
217 1422 376 1466 ereptus,
399 1416 490 1454 vivit
515 1421 640 1454 tamen
669 1429 886 1466 semperque
914 1416 1014 1453 vivet
1034 1430 1041 1453 :
1072 1416 1249 1454 virtutem

74 1471 172 1508 enim
193 1471 314 1508 amavi
331 1471 429 1508 illius
447 1470 528 1515 viri,
544 1481 624 1518 quae
645 1471 828 1507 exstincta
843 1483 918 1507 non
938 1475 1005 1507 est.
1063 1471 1144 1507 Nec
1160 1469 1248 1506 mihi

75 1525 141 1562 soli
161 1529 328 1562 versatur
347 1529 433 1562 ante
460 1523 598 1570 oculos,
619 1524 683 1572 qui
710 1524 809 1561 illam
840 1537 985 1573 semper
1011 1525 1050 1561 in
1078 1523 1249 1561 manibus

75 1579 197 1624 habui,
219 1579 414 1616 sedetiam
433 1578 590 1627 posteris
618 1578 688 1615 erit
715 1578 813 1615 clara
841 1581 878 1615 et
904 1577 1073 1626 insignis.
1129 1578 1250 1614 Nemo

77 1645 236 1682 unquam
266 1632 390 1669 animo
419 1637 484 1669 aut
512 1643 575 1680 spe
604 1631 743 1680 majora
771 1631 957 1681 suscipiet,
979 1633 1041 1679 qui
1069 1630 1140 1668 sibi
1172 1644 1248 1668 non

74 1687 173 1723 illius
210 1685 425 1723 memoriam
451 1691 563 1735 atque
591 1685 792 1734 imaginem
820 1686 1097 1735 proponendam
1128 1690 1248 1734 putet.

77 1740 165 1777 103.
196 1739 378 1787 Equidem
398 1752 445 1776 ex
464 1739 635 1776 omnibus
654 1740 775 1785 rebus,
793 1751 883 1788 quas
903 1739 992 1775 mihi
1013 1743 1079 1776 aut
1098 1739 1248 1776 fortuna

77 1802 141 1831 aut
160 1798 295 1831 natura
314 1792 455 1839 tribuit,
477 1793 570 1830 nihil
597 1793 726 1838 habeo,
749 1794 849 1842 quod
877 1805 961 1830 cum
990 1793 1152 1830 amicitia
1171 1792 1249 1829 Sci-

76 1847 195 1896 pionis
213 1847 349 1896 possim
365 1859 590 1896 comparare.
648 1846 693 1883 In
708 1847 777 1884 hac
794 1847 883 1883 mihi
898 1847 945 1883 de
959 1846 1149 1895 republica
1163 1858 1250 1883 con-

76 1913 212 1946 sensus,
233 1901 272 1937 in
291 1901 359 1938 hae
373 1913 497 1937 rerum
512 1901 739 1949 privatarum
753 1901 946 1938 consilium
965 1914 973 1942 3
994 1901 1034 1936 in
1046 1900 1176 1937 eadem
1192 1912 1250 1937 re·

75 1955 176 2002 quies
194 1955 570 2004 plenaoblectatiouis
588 1955 672 1992 fuit.
702 1954 903 2003 Nunquam
918 1954 1023 1990 illum
1038 1967 1085 1990 ne
1097 1953 1249 1990 minima

78 2008 227 2056 quidem
245 2020 285 2044 re
305 2008 454 2053 offendi,
477 2008 576 2057 quod
597 2008 745 2057 quidem
773 2008 948 2045 senserim
965 2021 973 2044 ε
1008 2007 1100 2044 nihil
1128 2008 1252 2044 audivi

77 2075 123 2099 ex
149 2063 240 2110 ipsQ
262 2062 361 2108 quod
387 2062 534 2099 nollem.
596 2062 680 2099 Una
708 2062 839 2098 domus
868 2066 958 2106 erat,
988 2062 1087 2098 idem
1116 2061 1248 2106 vietus,

77 2116 179 2164 isque
197 2115 403 2153 eommunis
423 2129 431 2152 :
461 2128 582 2165 neque
601 2115 720 2152 solum
739 2115 883 2162 militia,
914 2115 979 2152 sed
1007 2115 1118 2153 etiam
1144 2127 1250 2164 pere-

76 2168 305 2217 grinationes
317 2162 647 2218 rusticationesque
662 2182 888 2206 communes.
936 2169 1027 2206 104.
1047 2169 1145 2205 Nam
1161 2169 1250 2217 quid

74 2235 144 2271 ego
163 2222 211 2259 de
229 2222 359 2259 studiis
370 2223 500 2259 »dicam
519 2223 766 2271 cognoscendi
795 2235 940 2272 semper
968 2223 1111 2272 aliquid
1140 2228 1250 2270 atque

81 2275 247 2313 discendi
266 2276 285 2312 ἱ)
322 2276 361 2312 in
394 2276 527 2325 quibus
563 2276 695 2314 remoti
732 2277 779 2313 ab
815 2276 929 2313 oculis
965 2277 1103 2326 populi,
1143 2288 1252 2313 omne

79 2330 238 2367 otiosum
254 2334 402 2379 tempus
421 2329 692 2367 contrivimus?
713 2330 881 2375 Quarum
900 2343 1024 2367 rerum
1042 2329 1251 2367 recordatio

81 2388 117 2420 ct
138 2382 326 2430 memoria,
347 2383 377 2420 si
397 2395 471 2421 una
489 2395 571 2420 cum
601 2383 666 2420 illo
692 2383 897 2430 occidisset,
919 2383 1142 2421 desiderium
1162 2395 1250 2420 con-
