1496 2671
403 188 477 225 DE
507 186 689 226 BELLO
719 185 969 227 GALLICO
998 186 1102 225 LIB.
1134 189 1166 225 I.
1357 191 1379 228 'c‘

239 295 359 334 VIII.
389 294 545 332 Interea
558 296 602 331 ea
621 294 782 344 legione,
802 307 917 343 quam
938 308 1067 333 secum
1083 295 1258 341 habebat,
1279 295 1381 332 mih-

181 351 365 397 ti‘busque
377 348 444 396 qui
459 361 510 385 ex
525 347 731 385 Provincia
744 355 1019 394 convenerant,
1033 362 1055 386 a
1066 349 1153 387 lacu
1168 349 1379 393 Lemanno,

180 402 312 452 quiin
342 401 486 438 flumen
519 401 752 439 Rhodanum
783 401 927 447 influit,
957 403 1005 439 ad
1036 407 1206 440 montem
1225 402 1377 447 Juram,

178 455 251 505 qui
271 456 367 492 fines
399 453 663 503 Sequanorum
684 455 732 492 ab
763 454 958 492 Helvetiis
977 455 1130 500 dividit,
1151 455 1273 493 millia
1293 468 1379 504 pas—

183 521 297 546 suum
331 509 464 546 decem
502 520 642 545 novem
673 520 839 552 murum,
871 508 913 544 in
953 508 1198 546 altitudinem
1235 510 1377 558 pedum

184 561 349 599 sedecim
395 560 613 610 fossamque
661 561 852 609 perducit.
928 560 987 598 Eo
1038 574 1154 610 opere
1191 562 1378 611 perfecto,

180 615 361 663 praesidia
380 615 561 664 disponit,
583 615 740 652 castella
758 615 978 660 communit,
1000 627 1078 663 quo
1096 614 1260 659 facilius,
1282 616 1315 652 si
1336 627 1377 652 se

181 669 307 706 invito
326 669 491 706 transire
520 674 765 712 conarentur,
800 668 1005 717 prohibere
1037 669 1173 716 possit.
1230 668 1313 707 Ubi
1333 681 1378 706 ea

178 722 274 766 dies,
295 734 411 770 quam
443 722 695 759 constituerat
715 733 801 758 cum
819 721 969 770 legatis,
991 721 1112 767 venit,
1133 727 1171 758 et
1189 721 1308 771 legati
1329 723 1377 759 ad

182 787 270 812 eum
297 780 552 819 reverterunt,
586 779 703 823 negat
735 786 776 811 se
813 787 919 812 more
956 779 995 812 et
1035 774 1212 824 exemplo
1240 776 1378 824 populi

181 826 344 866 Romani
363 840 474 877 posse
493 828 568 865 iter
587 828 657 864 ulli
675 840 745 876 per
768 828 1017 866 Provinciam
1036 829 1128 865 dare
1146 840 1155 874 3
1184 833 1223 865 et
1244 828 1276 864 si
1295 828 1377 865 vim

178 881 307 920 facere
339 887 539 927 conentur,
570 881 857 930 prohibiturum
876 882 1057 920 ostendit.
1117 881 1305 924 Helvetii,
1329 880 1375 919 ea

179 948 248 984 spe
280 933 430 983 dejecti,
463 935 629 972 navibus
666 933 813 982 junctis
846 935 1072 984 ratibusque
1109 935 1375 983 compluribus

177 989 305 1034 factis,
320 989 385 1026 alii
405 988 514 1026 vadis
535 988 728 1034 Rhodani,
747 1001 824 1037 qua
843 988 1004 1026 minima
1020 988 1184 1026 altitudo
1203 988 1376 1025 fluminis

180 1047 274 1086 erat,
288 1054 562 1090 nonnunquam
575 1041 758 1086 interdiu,
773 1042 912 1091 saepius
928 1048 1054 1087 noctu,
1071 1042 1104 1079 si
1122 1054 1375 1090 perrumpere

178 1102 335 1144 possent
363 1096 501 1140 conati,
534 1096 661 1144 operis
693 1095 908 1133 munitione
928 1101 967 1133 et
993 1095 1162 1132 militum
1181 1107 1371 1133 concursu

175 1153 218 1186 et
231 1149 319 1185 telis
337 1148 493 1197 repulsi,
515 1149 587 1186 hoc
615 1154 754 1186 conatu
775 1148 1022 1186 destiterunt.

231 1201 312 1238 IX.
341 1201 649 1250 Relinquebatur
668 1214 746 1239 una
777 1213 847 1250 per
878 1201 1075 1251 Sequanos
1096 1201 1171 1247 via,
1193 1214 1282 1251 qua,
1305 1200 1373 1239 Se-

177 1255 314 1304 quanis
327 1255 474 1300 invitis,
495 1260 652 1304 propter
672 1255 871 1303 angustias
890 1255 948 1293 ire
966 1268 1043 1293 non
1064 1261 1254 1304 poterant.
1295 1255 1373 1292 His

173 1321 297 1357 quum
316 1306 385 1346 sua
416 1315 551 1358 sponte
581 1309 812 1357 persuadere
844 1321 922 1345 non
954 1315 1121 1358 possent,
1156 1309 1303 1358 legatos
1325 1309 1373 1345 ad

177 1359 457 1411 Dumnorigem
477 1362 655 1399 AEduum
672 1362 846 1407 mittunt,
867 1367 911 1399 ut
929 1374 974 1400 eo
993 1362 1242 1410 deprecatore
1261 1374 1283 1399 a
1302 1361 1372 1400 Se-

174 1415 316 1463 quanis
348 1415 613 1464 impetrarent.
681 1415 902 1452 Dumnorix
935 1416 1063 1465 gratia
1094 1421 1133 1452 et
1165 1415 1372 1464 largitione

177 1469 280 1517 apud
311 1467 507 1516 Sequanos
543 1468 754 1517 plurimum
785 1473 947 1518 poterat,
972 1474 1011 1506 et
1050 1468 1247 1506 Helvetiis
1286 1475 1369 1506 erat

174 1522 334 1567 amicus,
356 1522 458 1571 quod
478 1534 528 1559 ex
548 1520 593 1559 ea
620 1521 780 1559 civitate
809 1521 1052 1572 Orgetorigis
1071 1522 1191 1560 filiam
1209 1522 1250 1558 in
1272 1528 1371 1559 mat-

176 1575 384 1612 rimonium
403 1575 584 1621 duxerat,
603 1581 642 1613 et
670 1575 880 1624 cupiditate
908 1577 1020 1625 regni
1048 1576 1237 1613 adductus
1257 1576 1370 1613 novis

175 1629 291 1666 rebus
310 1628 500 1672 studebat,
515 1634 553 1666 et
571 1641 687 1678 quam
700 1629 885 1678 plurimas
897 1629 1075 1667 civitates
1095 1642 1163 1666 suo
1182 1629 1369 1666 beneficio

178 1682 321 1719 habere
351 1681 556 1719 obstrictas
586 1682 755 1719 volebat.
810 1682 949 1732 Itaque
979 1695 1062 1720 rem
1094 1682 1267 1732 suscipit,
1291 1687 1328 1719 et
1348 1695 1370 1720 a

175 1735 366 1784 Sequanis
384 1735 567 1785 impetrat
586 1741 630 1773 ut
656 1747 726 1784 per
744 1736 841 1773 fines
860 1748 948 1773 suos
969 1736 1173 1774 Helvetios
1193 1737 1249 1773 ire
1269 1735 1371 1784 pati-

172 1794 300 1834 antur,
322 1788 550 1837 obsidesque
570 1789 628 1826 uti
647 1789 750 1825 inter
770 1801 851 1827 sese
871 1790 974 1835 dent,
989 1790 1155 1837 perficit:
1189 1789 1369 1838 Sequani,

174 1854 224 1879 ne
259 1841 398 1879 itinere
436 1842 637 1879 Helvetios
683 1842 930 1891 prohibeant3
979 1842 1166 1888 Helvetii,
1203 1848 1247 1879 ut
1283 1842 1367 1880 sine

174 1894 363 1932 maleficio
383 1901 421 1933 et
439 1895 585 1944 injuria
602 1901 813 1933 transeant.

229 1948 283 1985 X.
315 1947 459 1986 Caesari
487 1948 739 1986 renunciatur
760 1948 955 1986 Helvetiis
975 1961 1058 1987 esse
1077 1949 1118 1985 in
1138 1949 1278 1993 animo,
1295 1961 1367 1997 per

173 2013 312 2049 agrum
347 2000 611 2051 Sequanorum
645 2007 684 2039 et
722 2002 940 2039 AEduorum
970 2002 1046 2040 iter
1075 2002 1116 2038 in
1156 2000 1369 2039 Santonum

175 2055 271 2091 fines
289 2053 428 2100 facere,
448 2055 514 2104 qui
534 2068 611 2092 non
622 2055 736 2104 longe
756 2068 778 2092 a
798 2055 1036 2092 Tolosatium
1055 2055 1198 2093 finibus
1214 2057 1367 2101 absunt,

176 2118 261 2154 quae
281 2107 417 2145 civitas
436 2114 494 2146 est
522 2109 562 2145 in
583 2106 807 2146 Provincia.
863 2108 911 2145 Id
931 2109 962 2145 si
982 2110 1103 2154 fieret,
1124 2109 1369 2158 intelligebat

175 2172 316 2209 magno
335 2173 422 2198 cum
457 2161 675 2199 Provinciae
709 2161 881 2210 periculo
908 2161 1096 2207 futurum,
1129 2167 1172 2199 ut
1191 2162 1368 2199 homines

176 2213 387 2259 bellicosos,
419 2215 551 2263 populi
589 2215 753 2253 Romani
786 2215 976 2261 inimicos,
1013 2216 1108 2253 locis
1145 2216 1368 2264 patentibus

176 2267 421 2316 maximeque
456 2268 719 2306 frumentariis
755 2268 939 2306 finitimos
976 2269 1150 2306 haberet.
1209 2268 1269 2307 Ob
1303 2280 1368 2306 eas

174 2332 310 2357 causas
326 2321 361 2357 ei
376 2321 593 2366 munitioni,
609 2334 723 2369 quam
739 2322 893 2367 fecerat,
907 2322 953 2359 T.
969 2322 1184 2360 Labienum
1197 2322 1368 2370 legatum

174 2372 363 2422 praefecit:
392 2374 474 2422 ipse
493 2374 533 2410 in
553 2374 708 2412 Italiam
741 2376 892 2424 magnis
921 2376 1129 2413 itineribus
1156 2374 1365 2419 contendit,

173 2427 346 2474 duasque
384 2427 439 2464 ibi
471 2427 642 2476 legiones
670 2429 887 2474 conscribit,
922 2435 961 2466 et
994 2435 1085 2474 tres,
1119 2441 1203 2477 quae
1223 2428 1366 2466 circum
