1496 2671
210 164 258 202 74
501 159 695 207 QUINTI
725 160 912 198 CURTII
944 160 1076 198 RUFI

262 267 385 307 LXII.
416 267 640 314 Alexander,
670 274 706 306 ut
733 281 840 319 supra
868 267 1005 307 dictum
1034 276 1100 315 est,
1130 268 1281 306 inhibito
1307 283 1390 308 suo—

210 336 291 361 rum
319 335 443 367 cursu,
471 321 517 358 ad
549 321 687 371 Lycum
717 335 864 360 amnem
891 329 1135 372 pervenerat,
1165 323 1223 360 ubi
1262 325 1391 373 ingens

209 376 401 415 multitudo
413 377 622 425 fugientium
642 382 854 414 oneraverat
868 383 1030 425 pontem,
1043 382 1078 413 et
1090 377 1264 426 plerique,
1279 390 1391 427 quum

212 431 324 468 hostis
353 437 501 479 urgeret,
521 431 557 467 in
585 430 722 468 fiumen
751 443 791 468 se
823 431 1160 480 praecipitaverant,
1196 443 1394 480 gravesque

212 486 335 531 armis,
347 491 385 521 et
402 485 539 534 proelio
553 496 598 521 ac
617 484 699 534 suga
707 484 901 533 defatigati,
916 484 1107 532 gurgitibus
1121 484 1395 523 hauriebantur.

209 538 370 588 Jamque
382 550 453 575 non
466 550 558 588 pons
573 539 682 576 modo
696 538 886 587 fugientes,
899 537 964 574 sed
979 550 1025 575 ne
1037 540 1156 576 amnis
1171 539 1317 588 quidem
1331 551 1396 576 ca-

210 593 343 642 piebat,
357 592 502 641 agmina
515 604 581 629 sua
599 592 802 642 improvide
816 591 968 629 subinde
984 592 1227 630 cumulantes:
1247 595 1396 644 quippe,

211 647 424 684 ubiintravit
437 646 578 683 animos
597 659 723 696 pavor,
738 646 776 682 id
793 645 912 683 solum
932 652 1109 693 metuunt,
1126 647 1222 695 quod
1234 648 1394 697 primum

212 699 403 737 formidare
422 707 631 750 coeperunt.
661 700 887 746 Alexander,
904 700 1119 739 instantibus
1136 701 1224 747 suis,
1243 702 1395 750 impune

211 754 406 792 abeuntem
437 753 578 791 hostem
597 755 697 802 sequi
725 754 956 802 permitteret,
986 752 1130 790 hebetia
1157 754 1227 791 tela
1253 766 1334 792 esse
1359 761 1395 791 et

212 820 344 845 manus
374 808 551 856 fatigataS‚
588 815 760 856 tantoque
795 819 905 844 cursu
942 819 1094 857 corpora
1127 806 1321 855 exh'austa,
1357 815 1395 846 et

212 874 387 911 praeceps
404 863 441 898 in
471 868 615 898 noctem
636 861 705 897 diei
734 868 890 910 tempus,
910 868 1083 899 causatus
1111 869 1177 900 est.
1234 861 1289 900 Re
1307 873 1394 899 vera

213 915 256 951 de
272 916 377 952 laevo
389 927 513 960 cornu,
523 915 617 963 quod
632 914 702 951 adh
709 927 753 951 uc
767 916 801 951 in
818 915 898 951 acie
913 921 1006 952 stare
1021 915 1203 962 credebat,
1212 916 1397 963 sollicitus,

212 969 338 1005 reverti
359 969 404 1005 ad
421 968 608 1005 serendam
623 981 732 1018 opem
752 969 826 1005 suis
844 969 975 1006 statuit.
1012 968 1169 1030 Jamque
1188 971 1290 1018 signa
1307 982 1397 1007 con-

214 1028 378 1068 verterat,
399 1035 512 1083 quum
533 1024 684 1071 equiteS‚
712 1035 733 1058 a
753 1022 994 1060 Parmenione
1014 1023 1126 1068 missi,
1146 1023 1238 1060 illius
1255 1031 1400 1074 quoque

214 1076 322 1125 partis
341 1077 529 1114 victoriam
545 1078 733 1114 nunciant.
791 1075 862 1113 Sed
883 1077 1020 1114 nullum
1040 1089 1086 1114 eo
1104 1064 1161 1114 die
1181 1076 1302 1126 majus
1316 1090 1400 1128 per-

212 1131 350 1167 ieulum
371 1131 470 1177 adiit,
490 1143 599 1179 quam
622 1130 709 1168 dum
739 1130 865 1180 copias
884 1130 1049 1167 reducit
1041 1144 1076 1167 in
1098 1137 1228 1169 castra.
1285 1131 1398 1170 Pauci

212 1197 296 1221 euin
316 1191 352 1222 et
371 1185 600 1234 incompositi
620 1184 864 1233 sequebantur
882 1190 1033 1221 ovantes
1062 1185 1207 1222 victoria
1226 1197 1235 1221 z
1264 1186 1399 1236 quippe

213 1251 342 1276 omnes
360 1238 481 1275 hostes
508 1246 570 1275 aut
589 1239 623 1274 in
645 1237 767 1286 sugam
785 1237 932 1284 effuSOS,
953 1245 1016 1275 aut
1043 1239 1079 1275 in
1099 1240 1179 1275 acie
1198 1238 1396 1277 credebant

214 1291 389 1329 cecidisse
411 1306 421 1340 3
457 1305 570 1341 quum
604 1298 751 1341 repente
786 1304 835 1328 ex
872 1291 1036 1330 adverso
1059 1292 1228 1342 apparuit
1263 1305 1397 1342 agmen

212 1346 391 1394 equitum,
410 1347 469 1395 qui
498 1346 614 1395 primo
641 1344 828 1382 inhibuere
857 1357 1020 1392 cursum,
1047 1345 1191 1392 deinde,
1220 1345 1397 1384 Macedo-

216 1412 304 1436 num
323 1401 507 1450 paucitate
526 1405 737 1449 conspecta,
756 1406 893 1436 turmas
910 1400 946 1436 in
968 1400 1094 1436 obvios
1112 1400 1401 1438 concitaverunt.

215 1453 317 1491 Ante
353 1455 454 1503 signa
481 1466 547 1490 rex
583 1453 656 1489 ibat
683 1452 906 1490 dissimulato
939 1454 1052 1502 magis
1088 1453 1262 1504 pericuIO,
1290 1467 1401 1505 quam

214 1513 361 1556 spret03
391 1520 460 1544 nec
488 1506 600 1543 defuit
626 1508 659 1543 ei
687 1513 864 1556 perpetua
891 1507 928 1543 in
957 1506 1074 1543 dubiis
1102 1508 1209 1546 rebus
1236 1506 1402 1546 felicitas,

216 1562 387 1610 Namque
406 1560 630 1610 praefectum
661 1561 840 1609 equitatus
868 1560 1016 1598 avidum
1046 1562 1267 1609 certaminis,
1293 1569 1330 1600 et
1356 1562 1403 1600 ob

218 1615 251 1651 id
271 1617 391 1664 ipsum
413 1615 593 1652 incautius
612 1615 648 1651 in
668 1627 707 1651 se
727 1622 904 1661 ruentem,
921 1614 1024 1651 hasta
1039 1616 1221 1653 transfixit
1236 1629 1246 1654 :
1264 1629 1335 1665 quo
1352 1628 1402 1653 ex

216 1681 311 1718 equo
330 1670 443 1719 lapso,
462 1670 671 1718 proximum
691 1680 737 1704 ac
757 1667 887 1706 deinde
915 1669 1036 1718 plures
1063 1669 1194 1706 eodem
1221 1671 1293 1707 telo
1313 1682 1401 1707 con·

218 1722 318 1760 fodit.
375 1722 548 1760 Invasere
567 1723 728 1759 turbatos
746 1723 855 1759 amici
878 1734 1045 1771 quoque3
1064 1735 1134 1760 nec
1148 1722 1282 1761 Persae
1300 1725 1402 1761 inulti

218 1776 423 1814 cadebant:
453 1778 587 1827 quippe
616 1788 688 1813 non
708 1777 899 1814 universae
920 1777 1031 1823 acies,
1050 1789 1160 1826 quam
1180 1776 1251 1814 hae
1268 1778 1401 1815 tumul-

219 1831 357 1867 tuariae
385 1843 528 1877 manus,
558 1829 808 1867 vehementius
835 1830 945 1866 iniere
979 1836 1179 1867 certarnen.
1234 1830 1401 1870 Tandem

220 1885 374 1930 barbari,
405 1897 520 1934 quum
555 1885 711 1921 obscura
747 1884 828 1921 luce
864 1883 948 1933 suga
977 1884 1081 1921 tutior
1115 1884 1294 1922 videretur
1322 1898 1403 1923 esse

220 1951 330 1987 quam
362 1951 496 1988 pugna,
523 1938 673 1976 diversis
701 1938 902 1986 agminibus
928 1937 1061 1975 abiere.
1118 1937 1214 1984 Rex,
1241 1946 1405 1976 extraor-

220 1992 359 2030 dinario
394 1993 555 2043 periculo
591 1992 798 2038 defunctus,
834 1992 1038 2029 incolumes
1076 2005 1161 2029 suos
1197 1992 1349 2030 reduxit
1367 1994 1403 2030 in

221 2053 350 2084 castra.

274 2099 422 2138 LXIII.
453 2100 629 2138 Cecidere
649 2100 854 2147 Persarum,
867 2112 1020 2149 quorum
1037 2111 1231 2137 numerum
1249 2101 1404 2138 victores

222 2154 324 2192 finire
354 2161 560 2204 potuerunt,
597 2154 709 2190 millia
735 2165 812 2191 xL:
847 2153 1101 2191 Macedonum
1135 2154 1259 2191 minus
1290 2167 1402 2204 quam

225 2218 300 2245 ccc
321 2208 510 2246 desiderati
526 2215 623 2245 sunt.
681 2207 853 2245 Ceterum
869 2206 967 2245 hanc
980 2208 1169 2245 victoriam
1184 2220 1250 2246 rex
1264 2207 1403 2257 majore

222 2274 273 2298 ex
301 2268 400 2312 parte
419 2264 537 2300 virtuti
558 2274 668 2311 quam
689 2261 849 2298 fortunae
877 2273 965 2299 suae
995 2261 1118 2299 debuit
1137 2275 1146 2300 z
1174 2263 1312 2308 animo,
1331 2274 1401 2298 non

226 2323 264 2352 ut
283 2322 390 2353 antea
408 2317 503 2361 loco,
522 2316 619 2353 vicit.
675 2315 773 2352 Nam
793 2323 828 2353 et
847 2316 965 2352 aciem
982 2316 1194 2365 peritissime
1212 2316 1378 2353 instruxit
1394 2330 1403 2362 3

225 2376 259 2406 et
273 2371 535 2419 promptissime
550 2370 625 2419 ipse
641 2370 814 2419 pugnavit
828 2383 838 2417 3
859 2376 894 2406 et
909 2382 1041 2419 magno
1056 2371 1205 2408 consilio
1220 2369 1400 2418 jacturam

226 2425 445 2461 sarcinarum
484 2423 896 2473 impedimentorumque
943 2425 1170 2474 contempsit,
1207 2436 1318 2471 quum
1366 2424 1401 2458 in

228 2480 301 2527 ipsa
323 2480 400 2515 acie
421 2491 605 2516 summum
635 2480 681 2514 rei
704 2478 839 2515 videret
866 2491 945 2514 esse
973 2478 1161 2516 discrimen
1184 2492 1192 2521 3
1223 2476 1404 2525 dubioque
