1496 2671
217 105 241 142 8
496 117 603 144 cmo
631 117 768 144 MAJOR
797 117 848 142 DE
879 119 1138 148 sessorum.

216 219 296 251 tum
314 214 464 262 recepit,
485 213 713 261 adolescens,
745 215 793 251 ita
821 212 934 252 dilexi
962 226 1103 262 senem,
1132 222 1170 252 ut
1198 218 1397 266 aequalem.

217 266 310 306 Erat
340 267 439 304 enim
474 267 512 304 in
542 267 602 303 illo
630 267 708 305 viro
736 267 907 305 comitate
936 268 1083 306 condita
1110 269 1298 318 gravitas3
1330 283 1400 307 nee

216 326 388 358 senectus
409 332 527 358 mores
546 327 763 360 mutaverat.
821 321 1046 370 Quanquam
1067 334 1153 360 eum
1175 323 1294 361 colere
1307 326 1399 374 coepi

216 385 289 411 non
309 373 508 411 admodum
528 373 700 422 grandem
729 381 830 421 natu,
849 374 913 413 sed
931 381 1054 421 tamen
1079 374 1160 424 jam
1187 382 1290 415 aetate
1320 389 1405 427 pro-

215 433 381 465 vectum.
438 428 552 465 Anno
568 428 668 466 enim
696 434 776 479 post
796 428 934 466 Consul
954 429 1114 478 primum
1133 429 1262 477 fuerat,
1290 433 1402 480 quam

214 493 281 531 ego
301 487 408 518 natus
425 493 508 518 sum
528 493 537 519 :
565 493 724 532 cumque
742 495 787 520 eo
806 483 975 532 quartum
997 482 1161 520 Consule
1189 483 1404 522 adolescen-

213 535 312 572 tulus
341 535 448 572 miles
475 535 657 585 profectus
684 549 767 574 sum
795 536 841 573 ad
871 535 1056 585 Capuam,
1077 537 1274 587 quintoque
1306 550 1403 575 anno

213 595 295 639 post
305 587 353 625 ad
368 587 584 626 Tarentum.
639 589 807 635 Quaestor
825 589 956 627 deinde
972 588 1401 641 [AEdilis],quadriennio

214 648 296 693 post
315 641 433 680 faetus
452 655 534 680 sum
553 642 727 695 [Praetor]
750 655 759 680 :
788 655 899 693 quem
921 648 1168 691 magistratum
1188 645 1276 693 gessi
1299 645 1401 682 Con-

213 696 352 735 sulibus
370 695 552 734 Tuditano
566 703 602 733 et
621 696 796 746 Cethego,
817 709 932 746 quum
951 696 1100 746 quidem
1115 697 1185 744 ille,
1201 697 1399 736 admodum

213 762 343 796 senex,
362 762 489 787 suasor
508 750 593 799 legis
610 750 748 788 Cinciae
763 750 808 787 de
828 750 932 788 donis
950 757 986 788 et
1004 751 1216 789 muneribus
1227 750 1303 790 suit.
1324 750 1401 789 Hic

211 812 248 844 et
267 805 361 843 bella
380 804 536 852 gerebat,
556 810 596 840 ut
613 803 839 850 adolescens,
870 816 986 853 quum
1004 805 1114 854 plane
1132 804 1274 854 grandis
1291 811 1399 851 esset,

212 866 248 896 et
269 857 519 896 Hannibalem
536 857 745 906 juveniliter
763 858 1011 895 exsultantem
1031 859 1208 908 patientia
1222 860 1290 896 sua
1310 859 1400 896 mol·

211 913 320 951 liebat
340 923 349 948 :
377 911 421 948 de
440 922 514 960 quo
532 911 705 960 praeclare
721 909 906 948 familiaris
926 918 1045 949 noster
1064 911 1208 949 Ennius
1227 924 1236 950 :

383 991 474 1022 Unus
488 991 578 1022 homo
592 991 681 1021 nobis
696 991 872 1023 cunctando
885 990 1021 1022 restituit
1035 1000 1112 1022 rem.

380 1035 456 1065 Non
472 1033 521 1063 hic
536 1033 670 1073 ponebat
685 1043 823 1065 rumores
837 1038 910 1064 ante
924 1033 1068 1065 salutem.

381 1078 466 1117 Ergo
476 1080 606 1117 postque
620 1076 782 1117 magisque
796 1076 854 1107 viri
869 1087 952 1108 nunc
967 1075 1066 1118 gloria
1079 1075 1188 1108 claret.

218 1149 279 1184 11.
309 1145 512 1183 Tarentum
533 1157 620 1182 vero
637 1146 711 1195 qua
738 1146 934 1194 vigilantia,
953 1158 1026 1194 quo
1055 1146 1208 1182 consilio
1235 1146 1373 1195 recepit
1393 1145 1401 1182 !

212 1214 325 1250 quum
346 1199 506 1249 quidem,
523 1210 581 1236 me
596 1199 780 1244 audiente,
796 1198 1000 1245 Salinatori,
1016 1199 1091 1249 qui,
1106 1200 1240 1236 amisso
1255 1198 1405 1249 oppido,

212 1256 349 1305 fugerat
367 1255 403 1290 in
433 1265 569 1298 arcem,
589 1253 747 1302 glorianti
768 1259 877 1302 atque
907 1253 954 1289 ita
973 1252 1106 1290 dicenti
1125 1265 1134 1290 ε
1162 1253 1252 1292 Meet
1278 1254 1403 1304 oper-15,

216 1309 350 1356 Quinte
369 1308 478 1353 Fabi,
504 1307 706 1345 Tarentum
723 1308 891 1358 recepisti
905 1321 917 1345 .·
946 1310 969 1330 c<
987 1306 1104 1353 Certe,
1124 1307 1242 1357 inquit
1260 1307 1405 1345 ridens:

210 1376 296 1401 nam
312 1363 386 1400 nisi
403 1367 444 1399 tu
470 1362 662 1407 amisisses,
682 1373 872 1410 nunquam
898 1359 1144 1412 recepissem.’'
1202 1359 1237 1397 N
1240 1372 1285 1398 eo
1314 1372 1401 1398 vero

212 1418 248 1452 in
268 1415 379 1453 armis
407 1415 646 1464 praestantior,
665 1426 775 1462 quam
807 1414 842 1450 in
864 1422 966 1463 toga3
995 1414 1056 1464 qui
1086 1413 1229 1452 Consul
1256 1415 1401 1462 iterum,

214 1470 345 1519 Spurio
361 1467 523 1506 Carvilio
543 1468 681 1516 collega
696 1467 918 1516 quiescente,
930 1467 1024 1506 Caio
1040 1467 1224 1506 Flaminio
1240 1467 1404 1506 Tribuno

211 1523 340 1574 plebis,
360 1521 482 1572 quoad
501 1522 629 1570 potuit,
649 1522 785 1568 restitit,
815 1534 941 1570 agrum
962 1521 1142 1559 Picenum
1161 1528 1198 1559 et
1217 1520 1401 1560 Gallicum

211 1577 345 1615 viritim
364 1581 490 1613 contra
520 1575 678 1612 Senatus
705 1576 959 1613 auctoritatem
986 1575 1188 1613 dividenti:
1217 1587 1404 1626 augurque

211 1643 326 1681 quum
337 1636 445 1675 esset,
460 1628 580 1666 dicere
595 1641 708 1666 ausus
725 1635 791 1674 est,
807 1630 952 1678 optimis
972 1630 1145 1679 auspiciis
1159 1641 1204 1667 ea
1219 1629 1305 1679 geri,
1321 1642 1403 1680 quae

211 1698 276 1737 pro
295 1683 505 1733 reipublicae
519 1683 635 1720 salute
650 1689 854 1731 gererentur
870 1696 879 1730 3
898 1695 980 1732 quae
994 1688 1120 1720 contra
1133 1683 1402 1733 rempublicam

212 1740 401 1784 ferrentur,
414 1743 540 1774 contra
548 1736 711 1786 auspicia
722 1735 815 1773 ferri.
849 1737 910 1774 12.
925 1736 1045 1774 Multa
1057 1737 1094 1773 in
1109 1747 1154 1774 eo
1168 1737 1246 1774 viro
1252 1737 1405 1786 praecla-

210 1806 250 1830 ra
270 1791 423 1842 cognovi
443 1802 452 1828 ε
472 1790 536 1827 sed
555 1789 643 1826 nihil
662 1796 717 1827 est
731 1790 988 1836 admirabilius,
1009 1802 1123 1838 quam
1141 1790 1326 1839 quomodo
1344 1791 1404 1828 ille

212 1852 366 1885 mortem
389 1843 549 1896 [Marci]
571 1843 633 1880 filii
653 1844 742 1889 tulit,
763 1844 849 1881 clari
869 1845 933 1881 viri
948 1850 983 1881 et
999 1844 1222 1881 Consularis.
1279 1842 1348 1881 Est
1366 1845 1401 1881 in

210 1900 382 1938 manibus
395 1898 554 1936 laudatio
570 1910 702 1947 :quam
718 1910 831 1947 quum
842 1898 1006 1946 legimus,
1019 1909 1128 1947 quem
1143 1896 1402 1947 philosophum

210 1966 283 1992 non
303 1951 602 1991 contemnimus?
658 1950 742 1989 Nec
761 1963 847 1988 vero
864 1952 922 1988 ille
941 1952 978 1988 in
997 1952 1079 1988 luce
1099 1951 1208 1989 modo
1226 1957 1336 2001 atque
1365 1953 1400 1988 in

211 2008 326 2045 oculis
363 2007 502 2043 civium
533 2017 699 2054 magnus,
735 2005 797 2042 sed
834 2005 932 2041 intus
959 2004 1133 2054 domique
1161 2005 1401 2055 praestantior.

211 2062 286 2107 Qui
307 2061 453 2098 sermo!
483 2072 566 2109 quae
594 2059 804 2109 praecepta!
835 2064 971 2107 quanta
998 2059 1123 2096 notitia
1151 2059 1400 2109 antiquitatis!

211 2128 293 2164 quae
314 2114 465 2152 scientia
489 2113 580 2162 juris
613 2113 750 2161 augurii
771 2113 780 2150 ἲ
835 2111 965 2150 Multae
985 2113 1111 2160 etiam,
1129 2119 1168 2150 ut
1186 2113 1220 2149 in
1251 2111 1400 2150 homine

211 2168 394 2215 Romano,
413 2167 549 2205 litterae.
584 2165 723 2204 Omnia
743 2166 922 2204 memoria
936 2167 1094 2214 tenebat,
1114 2179 1187 2204 non
1200 2166 1400 2204 domestica

211 2223 345 2268 solum,
361 2220 425 2258 sed
445 2222 557 2258 etiam
576 2226 728 2257 externa
756 2219 865 2257 bella.
923 2219 1044 2269 Cujus
1062 2232 1229 2258 sermone
1248 2220 1296 2257 ita
1323 2226 1398 2256 tum

211 2275 344 2325 cupide
363 2274 520 2320 fruebar,
550 2274 651 2322 quasi
669 2272 749 2322 jam
770 2273 987 2320 divinarem,
1006 2274 1040 2311 id
1062 2274 1158 2324 quod
1178 2275 1313 2321 evenit,
1341 2273 1400 2310 illo

209 2329 403 2377 exstincto,
423 2327 511 2375 sore,
527 2327 624 2364 unde
643 2326 837 2374 discerem,
858 2329 1057 2367 neminem.
