1496 2671
347 150 419 188 DE
447 148 626 188 BELLO
658 147 906 187 GALLICO
935 147 1041 184 LIB.
1070 145 1105 184 I.
1274 148 1320 184 15

134 258 295 303 Milites,
327 269 348 295 e
377 257 459 294 loco
488 255 685 304 superiore
716 255 804 303 pilis
837 255 976 299 missis,
1008 254 1119 291 facile
1150 254 1319 291 hostium

133 313 361 362 phalangem
380 308 662 358 perfregerunt.
719 306 779 345 Ea
800 306 971 356 disjecta,
1001 307 1140 356 gladiis
1159 307 1319 344 destric-

133 367 184 403 tis
202 366 242 402 in
262 375 325 401 eos
344 363 530 411 impetum
550 361 740 399 fecerunt.
811 360 935 398 Gallis
967 373 1106 409 magno
1137 361 1185 398 ad
1219 373 1318 410 pug-

133 431 222 456 nam
240 422 322 454 erat
340 416 625 465 impedimento,
641 414 744 463 quod
763 414 939 463 pluribus
959 426 1091 451 eorum
1107 414 1225 451 scutis
1243 426 1319 451 uno

131 472 212 509 ictu
229 469 396 519 pilorum
414 468 616 506 transfixis
650 474 688 505 et
721 467 924 516 colligatis,
954 479 1071 514 quum
1103 467 1249 504 ferrum
1278 480 1318 504 se

130 523 355 569 inflexisset,
371 534 497 570 neque
509 522 684 566 evellere,
702 533 826 569 neque
838 518 996 557 sinistra
1016 519 1202 569 impedita
1221 521 1316 557 satis

130 576 326 614 commode
345 586 519 624 pugnare
539 580 733 623 poterant,
761 573 874 610 multi
903 579 946 609 ut
968 574 1033 609 diu
1056 573 1202 620 jactato
1231 575 1318 611 bra-

129 629 216 668 chio
235 634 494 678 praeoptarent
513 634 663 665 scutum
683 640 799 664 manu
828 628 1015 670 emittere,
1038 633 1076 664 et
1104 627 1206 664 nudo
1235 639 1317 664 cor-

129 694 221 732 pore
240 694 427 731 pugnare.
485 682 659 719 Tandem
678 680 904 718 vulneribus
933 678 1084 724 defessi,
1115 686 1154 717 et
1181 680 1318 729 pedem

129 735 275 773 referre
289 741 340 781 et,
359 735 462 784 quod
480 747 590 772 mons
603 736 759 772 suberat
779 734 933 771 circiter
945 733 1050 770 mille
1064 745 1175 781 passu
1183 746 1256 777 um,
1272 733 1320 770 eo

129 801 170 827 se
188 789 360 838 recipere
378 794 588 837 coeperunt.
648 788 771 836 Capto
799 792 927 824 monte
955 792 994 823 et
1022 786 1318 823 succedentibus

129 842 282 886 nostris,
303 841 393 879 Boii
411 849 450 879 et
471 841 643 890 Tulingi,
663 841 730 890 qui
749 841 948 878 hominum
977 839 1135 876 milibus
1163 839 1319 876 circiter

130 895 214 932 XV
232 907 370 944 agmen
389 894 558 932 hostium
578 895 806 932 claudebant
826 899 865 931 et
892 893 1112 930 novissimis
1140 892 1318 941 praesidio

130 954 254 994 erant,
274 960 324 985 ex
342 948 482 985 itinere
500 953 652 985 nostros
669 948 789 985 latere
808 952 940 995 aperto
959 946 1132 995 aggressi
1152 946 1317 983 circum-

128 1013 286 1039 venere:
315 1008 353 1039 et
372 1002 412 1038 id
431 1001 643 1050 conspicati
664 1000 849 1045 Helvetii,
879 1000 946 1049 qui
974 999 1015 1035 in
1043 1004 1212 1036 montem
1233 1011 1316 1037 sese

129 1060 364 1103 receperant,
385 1067 519 1092 rursus
536 1055 682 1092 instare
701 1059 740 1091 et
759 1053 938 1102 proelium
958 1052 1222 1101 redintegrare
1242 1065 1318 1090 coe-

128 1114 280 1157 perunt.
338 1107 503 1145 Romani
522 1119 708 1144 conversa
729 1107 841 1156 signa
867 1105 1054 1156 bipartito
1081 1105 1315 1143 intulerunt:

128 1161 253 1210 prima
271 1173 315 1198 ac
334 1161 502 1198 secunda
521 1161 632 1205 acies,
654 1166 697 1197 ut
717 1160 830 1198 victis
843 1172 886 1198 ac
899 1158 1086 1197 submotis
1104 1159 1300 1197 resisteret
1307 1174 1319 1203 ς

128 1215 254 1258 tertia,
284 1219 328 1250 ut
352 1214 553 1251 venientes
573 1213 783 1262 exciperet.

182 1267 347 1304 XXVI.
375 1267 438 1304 Ita
456 1267 616 1316 ancipiti
636 1267 772 1316 proelio
791 1267 857 1304 diu
876 1271 992 1314 atque
1009 1266 1149 1304 acriter
1168 1279 1317 1316 pugna-

129 1326 212 1357 tum
231 1325 303 1358 est.
357 1319 517 1358 Diutius
546 1333 667 1369 quum
694 1326 913 1358 nostrorum
940 1319 1109 1367 impetus
1128 1320 1319 1357 sustinere

129 1386 207 1411 non
225 1379 392 1423 possent,
413 1373 525 1411 alteri
545 1385 596 1418 se,
617 1379 661 1410 ut
679 1380 893 1423 coeperunt,
911 1373 952 1410 in
971 1377 1143 1409 montem
1161 1385 1317 1422 recepe-

128 1433 238 1471 runt3
266 1427 377 1464 alteri
396 1427 445 1464 ad
463 1427 737 1476 impedimenta
765 1432 803 1465 et
829 1439 959 1465 carros
977 1437 1067 1463 suos
1086 1438 1127 1464 se
1146 1427 1318 1464 contule-

130 1486 233 1517 runt.
290 1479 394 1517 Nam
412 1480 485 1518 hoc
504 1485 585 1518 toto
603 1480 749 1530 proelio,
770 1492 889 1529 quum
908 1481 956 1518 ab
975 1476 1070 1516 hora
1089 1477 1252 1528 septima
1271 1480 1318 1517 ad

130 1545 336 1583 vesperum
354 1539 569 1583 pugnatum
588 1534 649 1578 sit,
670 1546 848 1572 aversum
867 1534 1017 1572 hostem
1045 1532 1178 1571 videre
1204 1545 1318 1571 nemo

128 1587 266 1636 potuit.
311 1586 379 1623 Ad
392 1586 553 1624 multam
567 1593 718 1625 noctem
733 1587 849 1625 etiam
863 1588 911 1624 ad
930 1585 1203 1636 impedimenta
1218 1599 1317 1636 pug-

128 1645 263 1677 natum
282 1645 351 1685 est,
372 1645 574 1689 propterea
601 1641 702 1689 quod
727 1653 797 1689 pro
816 1641 917 1678 vallo
936 1651 1064 1678 carros
1083 1639 1317 1688 obJecerant,

129 1699 168 1731 et
182 1693 299 1731 eloco
313 1694 510 1742 superiore
525 1693 566 1730 in
580 1699 731 1731 nostros
743 1694 944 1732 venientes
959 1695 1036 1733 tela
1048 1693 1316 1742 conjiciebant,

128 1752 167 1784 et
185 1746 363 1783 nonnulli
380 1747 483 1784 inter
502 1759 630 1785 carros
659 1752 838 1796 rotasque
870 1754 1037 1787 mataras
1070 1760 1114 1786 ac
1147 1747 1318 1796 tragulas

128 1799 388 1848 subjiciebunt
408 1805 635 1849 nostrosque
653 1801 922 1839 vulnerabant.
978 1802 1060 1839 Diu
1078 1813 1199 1851 quum
1218 1806 1319 1838 esset

127 1859 356 1902 pugnatum,
375 1853 662 1903 impedimentis
691 1855 902 1903 castrisque
929 1856 1052 1893 nostri
1081 1854 1194 1904 potiti
1214 1859 1316 1891 sunt.

128 1906 192 1943 Ibi
213 1906 457 1956 Orgetorigis
475 1907 556 1945 filia
574 1913 690 1957 atque
709 1920 809 1945 unus
829 1921 850 1945 e
868 1908 959 1945 filiis
978 1914 1112 1957 captus
1127 1913 1195 1945 est.
1252 1906 1318 1944 Ex

129 1971 175 1996 eo
201 1960 337 2009 proelio
364 1960 518 1998 circiter
545 1961 666 1998 millia
692 1961 893 1999 hominum
922 1961 1088 2000 CXXX
1116 1959 1317 2010 superfue-

128 2018 232 2057 runt,
253 2011 373 2062 eaque
391 2011 472 2052 tota
490 2019 602 2052 nocte
621 2015 863 2053 continenter
888 2015 1018 2053 ierunt
1025 2030 1035 2060 3
1062 2014 1209 2052 nullam
1227 2026 1318 2064 par-

129 2071 208 2103 tem
226 2067 350 2104 noctis
368 2066 506 2105 itinere
526 2068 759 2114 intermisso,
793 2068 836 2105 in
871 2069 967 2106 fines
998 2068 1222 2118 Lingonum
1254 2068 1317 2105 die

130 2124 268 2168 quarto
285 2127 556 2168 pervenerunt,
588 2134 708 2171 quum
738 2127 776 2160 et
792 2128 951 2171 propter
969 2122 1132 2160 vulnera
1149 2121 1317 2158 militum

130 2178 169 2210 et
187 2179 343 2221 propter
361 2174 596 2222 sepulturam
611 2176 824 2214 occisorum
840 2176 973 2221 nostri,
984 2176 1158 2213 triduum
1166 2174 1315 2219 morati,

130 2237 194 2263 eos
213 2226 322 2274 sequi
340 2239 417 2264 non
436 2228 660 2276 potuissent.
718 2228 848 2267 Caesar
879 2230 928 2267 ad
958 2229 1156 2279 Lingonas
1184 2228 1317 2266 literas

129 2279 368 2327 nunciosque
395 2281 511 2326 misit,
544 2294 594 2320 ne
626 2295 690 2321 eos
718 2282 912 2321 frumento
931 2295 1030 2321 neve
1049 2283 1125 2320 alia
1142 2294 1184 2319 re
1198 2281 1316 2330 juva-

129 2338 234 2370 rent:
262 2333 330 2382 qui
357 2333 390 2370 si
416 2331 622 2381 juvissent,
657 2348 698 2374 se
730 2337 863 2374 eodem
893 2336 976 2374 loco
1007 2349 1084 2385 quo
1113 2334 1316 2373 Helvetios

129 2385 364 2424 habiturum.
438 2387 543 2437 Ipse,
579 2389 708 2428 triduo
742 2389 973 2437 intermisso,
1013 2403 1101 2429 cum
1139 2387 1318 2426 omnibus

131 2439 251 2489 copiis
268 2452 332 2479 eos
353 2440 461 2490 sequi
481 2441 607 2492 coepit.
