1496 2671
156 186 178 220 8
491 183 536 221 C.
566 183 719 222 JULII
748 183 1007 223 CAESARIS

153 288 376 338 Aquileiam
391 289 623 336 hiemabant,
640 301 694 328 ex
708 291 881 329 hibernis
900 291 1040 338 educit,
1061 296 1100 330 et
1117 304 1194 340 qua
1212 293 1346 342 proxi-

153 355 258 379 mum
279 343 354 380 iter
372 343 412 380 in
434 343 656 381 ulteriorem
690 343 859 382 Galliam
890 357 956 393 per
989 345 1110 395 Alpes
1140 351 1234 392 erat,
1254 359 1345 385 eum

153 395 214 434 his
234 396 406 445 quinque
424 397 642 445 legionibus
653 397 710 435 ire
724 398 933 435 contendit.
990 398 1053 436 Ibi
1071 398 1286 438 Ceutrones
1305 407 1346 438 et

156 447 354 487 Graioceli
385 456 423 488 et
455 450 673 500 Caturiges,
703 452 798 489 locis
837 451 1101 501 superioribus
1137 454 1345 502 occupatis,

154 503 296 540 itinere
334 504 551 541 exercitum
577 505 782 553 prohibere
809 511 1011 543 conantur.
1069 506 1348 556 Compluribus

153 556 215 593 his
237 557 382 604 proeliis
402 557 537 606 pulsis,
557 559 605 595 ab
640 558 772 604 Ocelo,
803 559 910 607 quod
939 563 998 596 est
1030 559 1220 598 citerioris
1246 560 1345 598 Pro-

153 609 295 647 vinciae
331 616 559 657 extremum,
611 612 653 648 in
700 613 796 649 fines
834 611 1115 650 Vocontiorum
1150 613 1349 652 ulterioris

153 662 374 701 Provinciae
402 665 464 702 die
492 665 655 714 septimo
674 665 871 714 pervenit:
899 665 990 702 inde
1017 666 1059 702 in
1087 666 1346 716 Allobrogum

156 717 263 761 fines,
285 718 333 755 ab
363 717 642 767 Allobrogibus
670 719 711 755 in
735 718 971 767 Segusiauos
988 720 1205 757 exercitum
1223 721 1343 760 ducit.

155 770 213 806 Hi
233 777 323 808 sunt
344 778 455 808 extra
474 772 723 809 Provinciam
741 777 849 808 trans
869 771 1101 809 Rhodanum
1119 773 1247 823 primi.

205 823 282 861 XI.
313 824 486 862 Helvetii
500 824 583 873 jam
603 837 668 874 per
687 825 885 874 angustias
905 831 943 862 et
962 826 1058 863 fines
1080 824 1345 875 Sequanorum

154 889 242 914 suas
262 879 391 926 copias
419 879 738 922 transduxerunt,
758 885 797 916 et
823 878 866 914 in
894 878 1116 917 AEduorum
1143 881 1240 918 fines
1258 894 1346 930 per-

154 939 342 968 venerant
355 944 565 981 eorumque
578 945 691 981 agros
710 932 1008 981 populabantur.
1065 933 1205 979 AEdui,
1224 946 1347 983 quum

153 996 194 1021 se
223 997 368 1032 suaque
407 985 455 1022 ab
496 986 545 1023 iis
577 985 784 1023 defendere
813 999 891 1023 non
919 991 1085 1035 possent,
1114 987 1262 1036 legatos
1299 988 1348 1026 ad

158 1036 346 1075 Caesarem
366 1039 529 1076 mittunt
546 1046 725 1089 rogatum
745 1040 935 1077 auxilium
954 1054 964 1077 τ
992 1040 1048 1077 ita
1067 1053 1108 1078 se
1126 1040 1228 1078 omni
1248 1046 1348 1079 tem-

155 1104 248 1140 pore
286 1092 334 1129 de
364 1093 507 1142 populo
540 1093 716 1130 Romano
753 1093 911 1131 meritos
943 1105 1037 1138 esse,
1077 1099 1121 1132 ut
1157 1107 1267 1144 paene
1303 1095 1346 1133 in

155 1151 363 1194 conspectu
382 1146 580 1184 exercitus
598 1147 721 1184 nostri
740 1147 825 1196 agri
844 1147 1003 1194 vastari,
1022 1147 1134 1185 liberi
1153 1160 1288 1185 eorum
1305 1149 1348 1186 in

155 1200 384 1237 servitutem
417 1201 568 1245 abduci,
601 1201 742 1249 oppida
775 1200 992 1250 expugnari
1023 1213 1102 1238 non
1129 1201 1347 1240 debuerint.

155 1251 305 1289 Eodem
324 1258 497 1302 tempore
517 1253 643 1291 AEdui
670 1253 869 1298 Ambarri,
899 1254 1105 1291 necessarii
1125 1260 1165 1292 et
1183 1267 1346 1293 consan-

154 1306 287 1353 guinei
325 1306 558 1353 AEduorum‚
600 1306 792 1344 Caesarem
828 1307 1032 1344 certiorem
1068 1306 1217 1345 faciunt
1252 1320 1348 1355 sese,

154 1359 398 1408 depopulatis
417 1360 532 1409 agris,
564 1372 642 1397 non
674 1359 787 1398 facile
819 1361 868 1397 ab
900 1360 1052 1410 oppidis
1080 1360 1161 1398 vim
1179 1361 1349 1400 hostium

153 1414 377 1461 prohibere:
404 1413 498 1450 item
519 1412 764 1463 Allobroges,
784 1414 851 1462 qui
870 1419 978 1451 trans
990 1414 1223 1452 Rhodanum
1242 1415 1351 1453 vicos

153 1467 487 1515 possessionesque
506 1467 711 1512 habebant,
740 1464 836 1516 fuga
863 1479 904 1505 se
930 1468 978 1504 ad
999 1466 1190 1506 Caesarem
1207 1469 1350 1518 recipi-

153 1525 236 1564 unt,
258 1526 296 1557 et
315 1520 582 1558 demonstrant
615 1520 691 1558 sibi
722 1527 863 1569 praeter
889 1521 975 1570 agri
1003 1521 1129 1559 solum
1147 1521 1247 1558 nihil
1265 1535 1351 1561 esse

151 1572 301 1622 reliqui.
362 1573 513 1620 Quibus
540 1575 656 1612 rebus
684 1575 874 1612 adductus
895 1573 1024 1612 Caesar
1042 1587 1120 1611 non
1139 1581 1349 1624 expectan-

151 1626 244 1663 dum
263 1627 337 1665 sibi
357 1628 505 1673 statuit,
527 1627 620 1665 dum
647 1628 826 1665 omnibus
852 1627 1021 1665 fortunis
1048 1628 1240 1666 sociorum
1258 1641 1347 1668 con-

151 1680 289 1717 sumtis
308 1681 349 1717 in
371 1679 559 1719 Santones
578 1681 754 1720 Helvetii
773 1681 1034 1730 pervenirent.

206 1733 311 1771 XII.
339 1733 506 1772 Flumen
526 1740 583 1772 est
603 1734 720 1780 Arar,
741 1735 843 1784 quod
861 1747 931 1783 per
949 1735 1046 1772 fines
1065 1734 1289 1773 AEduorum
1307 1741 1347 1774 et

156 1786 425 1837 Sequanorum
452 1788 494 1825 in
519 1788 752 1826 Rhodanum
779 1788 909 1825 influit
936 1788 1156 1826 incredibili
1173 1789 1345 1835 lenitate,

152 1840 208 1878 ita
227 1847 270 1878 ut
290 1841 410 1879 oculis
436 1841 473 1878 in
503 1848 630 1879 utram
650 1847 801 1890 partem
818 1841 914 1878 fluat
925 1840 1095 1889 judicari
1114 1854 1192 1879 non
1212 1843 1345 1891 possit.

152 1894 200 1931 Id
222 1895 396 1932 Helvetii
417 1895 566 1932 ratibus
585 1907 629 1933 ac
643 1895 827 1932 lintribus
840 1894 988 1943 junctis
1006 1896 1232 1933 transibant.
1263 1895 1347 1933 Ubi

152 1960 224 1997 per
253 1948 518 1997 exploratores
556 1948 686 1986 Caesar
723 1949 865 1986 certior
901 1948 1026 1986 factus
1062 1953 1121 1986 est
1152 1954 1232 1986 tres
1261 1947 1346 1997 jam

153 2001 351 2050 copiarum
389 2008 518 2050 partes
560 2000 762 2040 Helvetios
798 2002 840 2038 id
886 2001 1030 2039 flumen
1063 2002 1345 2049 transduxisse,

152 2061 329 2103 quartam
360 2068 454 2092 vero
482 2062 631 2104 partem
661 2056 759 2093 citra
785 2056 930 2092 fiumen
959 2053 1117 2092 Ararim
1153 2055 1345 2105 reliquam

152 2118 257 2146 esse:
286 2109 333 2146 de
361 2107 477 2146 tertia
505 2107 642 2158 vigilia
675 2122 761 2146 cum
789 2108 1006 2157 legionibus
1024 2108 1152 2146 tribus
1171 2121 1192 2146 e
1210 2109 1348 2147 castris

151 2161 359 2210 profectus,
377 2163 424 2199 ad
443 2175 526 2199 eam
538 2169 687 2211 partem
701 2162 891 2211 pervenit,
912 2174 997 2210 quae
1017 2162 1187 2199 nondum
1199 2162 1345 2200 flumen

151 2215 369 2252 transierat.
428 2214 506 2253 Eos
537 2216 742 2265 impeditos
777 2221 816 2252 et
852 2215 1096 2264 inopinantes
1126 2228 1343 2265 aggressuz,

151 2280 331 2317 magnam
369 2281 500 2306 eorum
535 2275 684 2317 partem
721 2268 907 2306 concidit:
944 2268 1085 2317 reliqui
1121 2268 1224 2318 fugae
1260 2280 1344 2307 sese

151 2322 386 2359 mandarunt
414 2327 502 2371 atqe
529 2322 570 2358 in
598 2322 795 2371 proximas
829 2322 946 2360 silvas
978 2322 1226 2360 abdiderunt.
1299 2322 1345 2359 Is

150 2388 274 2425 pagus
323 2375 588 2425 appellabatur
628 2375 860 2425 Tigurinus:
899 2388 988 2413 nam
1034 2375 1159 2414 omnis
1203 2375 1345 2413 civitas

152 2428 337 2466 Helvetia
354 2430 396 2466 in
413 2435 578 2477 quatuor
597 2441 716 2478 pagos
734 2429 858 2467 divisa
870 2435 941 2467 est.
990 2429 1067 2466 Hic
1087 2441 1207 2478 pagus
1226 2439 1344 2473 unUS,
