1496 2671
528 262 574 300 T.
607 261 650 300 P.
683 261 899 301 ATTICU
907 262 944 300 S.
1284 263 1326 299 ⁵1

141 373 262 416 daret,
282 376 469 421 quantum
491 383 566 408 non
585 370 793 419 indiligens
813 370 969 407 deberet
991 370 1276 419 paterfamilias,
1298 377 1337 407 et

144 427 272 464 omnia
299 425 446 472 reliqua
474 431 646 472 tempora
678 431 745 461 aut
777 424 900 461 literis
934 430 1001 460 aut
1035 424 1335 462 Atheniensium

145 479 380 528 reipublicae
426 479 640 521 tribueret;
683 477 805 514 nihilo
851 477 979 513 minus
1021 478 1154 515 amicis
1191 479 1338 515 urbana

142 533 266 570 officia
279 532 487 581 praestitit.
543 531 646 568 Nam
667 537 706 568 et
726 531 774 568 ad
793 531 949 568 comitia
965 542 1097 567 eorum
1115 532 1336 576 ventitavit,

140 593 193 632 et,
207 587 239 623 si
259 598 333 634 qua
346 598 406 623 res
421 585 543 634 major
558 590 643 622 acta
663 590 731 629 est,
748 597 825 621 non
846 583 992 621 defuit:
1023 585 1122 622 sicut
1144 585 1335 629 Ciceroni,

145 641 186 676 in
215 640 392 677 omnibus
421 639 503 686 ejus
522 638 715 688 periculis,
737 638 972 685 singularem
1001 638 1116 675 fidem
1137 640 1338 687 praebuit3

142 695 207 732 cui
236 707 285 731 ex
315 690 440 741 patria
472 692 639 740 fugienti
660 691 771 728 LLS.
794 692 961 728 ducenta
990 697 1029 729 et
1058 692 1338 741 quinquaginta

145 748 266 785 millia
285 747 459 784 donavit.
516 745 796 793 Tranquillatis
829 752 958 782 autem
993 746 1110 782 rebus
1142 746 1339 791 Romanis,

146 801 375 850 remigravit
391 801 565 843 Romam,
584 805 626 835 ut
646 799 793 848 opinor,
814 799 863 836 L.
885 799 1001 836 Cotta
1020 805 1058 835 et
1079 799 1126 835 L.
1144 799 1342 847 Torquato

145 855 389 893 consulibus:
419 866 535 903 quem
554 853 655 889 diem
676 853 730 889 sic
752 854 933 889 universa
963 853 1101 889 civitas
1124 854 1341 890 Athenien—

149 910 247 946 sium
267 915 469 957 prosecuta
489 913 558 952 est,
574 913 617 943 ut
635 907 816 956 lacrymis
831 906 1010 943 desiderii
1029 906 1152 943 futuri
1172 907 1343 944 dolorem

151 963 354 1000 indicaret.

152 1105 251 1144 CAP.
274 1104 324 1141 V.
373 1103 524 1140 Atticus
552 1103 683 1151 asperi
716 1101 873 1139 Caecilii
899 1102 1058 1140 haeres:
1093 1104 1286 1141 Ciceronis
1313 1110 1349 1141 et

563 1156 766 1192 Hortensii
784 1156 937 1205 copula.

205 1234 413 1270 HABEBAT
437 1232 673 1269 avunculum
696 1231 743 1277 Q.
768 1231 994 1277 Caecilium,
1015 1234 1183 1281 equitem
1204 1234 1347 1271 Roma-

149 1301 255 1332 num,
280 1287 507 1324 familiarem
522 1285 570 1322 L.
584 1285 751 1330 Luculli,
767 1285 939 1331 divitem,
955 1285 1182 1324 difficillima
1195 1285 1348 1325 natura.

154 1341 278 1389 Cujus
299 1341 353 1378 sic
373 1340 620 1389 asperitatem
640 1339 791 1376 veritus
811 1345 881 1385 est,
904 1346 958 1385 ut,
979 1353 1093 1388 quem
1113 1353 1225 1378 nemo
1248 1341 1350 1378 ferre

153 1400 292 1445 posset,
322 1393 438 1442 hujus
468 1393 550 1430 sine
578 1392 789 1430 offensione
818 1393 865 1429 ad
896 1405 1083 1431 summam
1112 1400 1350 1432 senectutem

153 1448 360 1486 retinuerit
395 1446 720 1484 benevolentiam.
786 1444 872 1492 Quo
910 1446 1023 1492 facto,
1063 1448 1155 1484 tulit
1192 1448 1348 1497 pietatis

155 1502 338 1539 fructum:
370 1500 562 1538 Caecilius
582 1500 685 1537 enim
704 1499 883 1545 moriens,
900 1506 1130 1538 testamento
1150 1502 1351 1551 adoptavit

154 1568 254 1601 eum,
275 1554 555 1602 haeredemque
575 1553 666 1590 fecit
696 1565 746 1590 ex
774 1554 960 1591 dodrante
968 1569 977 1597 ;
1007 1567 1057 1592 ex
1076 1552 1153 1604 qua
1172 1556 1349 1593 haeredi·

155 1615 234 1646 tate
259 1607 408 1656 accepit
436 1607 592 1644 circiter
619 1607 764 1644 centies
796 1606 910 1645 LLS.
967 1608 1066 1645 Erat
1094 1615 1215 1655 nupta
1244 1622 1351 1648 soror

156 1662 283 1700 Attici
305 1660 355 1707 Q.
386 1661 517 1697 Tullio
549 1658 730 1697 Ciceroni
746 1675 756 1704 3
785 1672 926 1709 easque
955 1663 1112 1709 nuptias
1135 1663 1191 1700 M.
1214 1661 1354 1701 Cicero

154 1712 391 1760 conciliarat,
413 1727 500 1751 cum
529 1726 605 1762 quo
625 1727 647 1751 a
664 1714 970 1763 condiscipulatu
991 1716 1150 1753 vivebat
1169 1716 1352 1765 conjunc-

155 1769 315 1814 tissime,
336 1768 458 1805 multo
478 1768 594 1805 etiam
613 1767 857 1813 familiarius,
878 1781 995 1817 quam
1015 1781 1104 1806 cum
1126 1769 1291 1816 Quint03
1311 1777 1354 1807 ut

151 1822 320 1871 judicari
349 1822 483 1870 possit,
513 1820 599 1870 plus
627 1821 668 1857 in
696 1821 867 1858 amicitia
898 1823 1028 1860 valere
1057 1824 1353 1862 similitudinem

158 1888 318 1920 morum,
339 1887 456 1924 quam
484 1875 722 1912 affinitatem.
781 1875 977 1913 Utebatur
997 1882 1126 1913 autem
1145 1877 1282 1915 intime
1306 1877 1352 1924 Q.

161 1929 384 1974 Hortensio,
405 1928 473 1977 qui
493 1929 541 1964 iis
561 1928 799 1976 temporibus
820 1929 1080 1978 principatum
1110 1931 1353 1978 eloquentiae

159 1983 325 2027 tenebat,
340 1988 382 2019 ut
402 1981 568 2031 intelligi
588 1994 665 2019 non
686 1988 824 2029 posset,
841 1988 926 2019 uter
946 1995 1034 2020 eum
1054 1984 1140 2033 plus
1161 1984 1354 2034 diligeret,

164 2035 301 2073 Cicero
329 2048 378 2072 an
400 2034 654 2073 Hortensius:
685 2042 723 2072 et
751 2036 803 2081 id,
832 2036 933 2084 quod
962 2042 1044 2074 erat
1073 2037 1354 2084 difficillimum,

161 2089 362 2134 efficiebat,
383 2094 437 2132 ut,
458 2089 560 2126 inter
579 2101 675 2136 quos
695 2095 825 2127 tantae
852 2089 978 2127 laudis
1006 2096 1106 2128 esset
1136 2092 1353 2137 aemulatio,

161 2142 267 2179 nulla
285 2142 540 2180 intercederet
560 2142 801 2186 obtrectatio,
826 2148 1004 2192 essetque
1023 2144 1161 2182 talium
1181 2146 1355 2183 virorum

163 2195 309 2244 copula.

166 2334 266 2374 CAP.
306 2334 380 2372 VI.
460 2334 613 2371 Atticus
651 2335 868 2425 lwgcorz'bus,
911 2336 1049 2384 litibus,
1084 2339 1355 2389 praefecturis,

674 2401 697 2425 α
723 2391 847 2427 stinet.

217 2464 268 2501 IN
286 2460 486 2513 republica
506 2463 560 2500 ita
586 2469 643 2500 est
662 2470 849 2509 versatus,
868 2471 914 2502 ut
944 2477 1095 2516 semper
1124 2468 1356 2517 optimarum

167 2518 334 2567 partium
367 2523 406 2555 et
441 2522 542 2554 esset
575 2521 611 2554 et
642 2517 955 2564 existimaretur3
997 2533 1121 2569 neque
1155 2529 1282 2560 tamen
1318 2536 1359 2561 se
