1496 2671
375 127 473 155 cAro
492 127 619 154 MAJOR
639 127 691 153 nn
711 126 947 155 sannorum.
1194 119 1242 156 21

78 225 239 275 primum
257 224 296 261 id
315 227 541 261 oceaeeatum
560 221 709 260 cohibet
727 236 737 267 ;
767 236 814 261 ex
833 236 905 273 quo
920 225 1063 269 occatio,
1079 236 1160 274 quae
1181 226 1251 263 hoc

80 279 204 324 efficit,
219 277 408 315 nominata
426 281 482 314 est
503 289 511 321 ;
541 276 678 313 deinde
697 277 921 325 tepefactum
941 291 1077 328 vapore
1096 284 1134 317 et
1152 292 1252 316 com-

81 344 210 382 pressu
221 343 288 369 suo
302 330 491 375 diffundit,
505 334 543 367 et
558 329 659 367 elicit
673 329 951 368 herbescentem
967 344 1013 368 ex
1026 344 1070 368 eo
1084 333 1252 371 viridita-

82 391 188 424 tem:
218 396 312 433 quae,
341 383 431 420 nixa
457 383 560 420 fibris
589 383 771 432 stirpium,
793 384 927 421 sensim
957 385 1148 431 adolescit,
1177 387 1255 424 cul-

84 450 217 487 moque
251 442 376 475 erecta
402 437 629 486 geniculato,
652 436 797 485 vaginis
820 437 897 486 jam
919 438 1023 486 quasi
1051 440 1256 487 pubescens

79 491 285 530 includitur
301 503 311 536 ;
332 503 353 527 e
372 491 507 539 quibus
524 503 638 540 quum
657 490 818 536 emersit,
838 491 966 529 fundit
985 491 1130 540 frugem
1151 493 1253 542 spici,

80 545 211 584 ordine
228 549 422 590 structam,
444 549 483 582 et
509 549 640 582 contra
654 544 778 581 avium
796 544 981 581 minorum
1010 557 1154 583 morsus
1174 560 1255 584 mu-

77 599 181 638 nitur
199 598 296 635 vallo
315 598 524 636 aristarum.
581 597 645 636 52.
660 597 764 642 Quid
779 610 849 646 ego
865 598 995 635 vitium
1011 603 1126 644 satus,
1140 605 1255 643 ortus,

77 652 307 690 incrementa
335 664 619 689 commemorem
638 651 658 688 ἱ)
727 651 863 688 Satiari
899 651 1149 690 delectatione
1181 666 1259 690 non

79 718 228 755 possum
248 718 257 749 ;
296 710 339 743 ut
359 718 450 742 meae
473 704 675 743 senectutis
695 705 898 753 requietem
913 705 1260 755 oblectamentaque

78 759 252 797 noscatis.
294 759 442 796 Omitto
455 759 554 796 enim
566 759 641 795 vim
655 759 772 807 ipsam
787 758 964 803 omnium,
981 770 1062 806 quae
1075 772 1259 807 generan-

79 818 142 851 tur
178 826 199 850 e
225 817 352 851 terra:
383 824 468 860 quae
498 825 545 849 ex
571 813 632 849 fici
660 812 808 850 tantulo
835 824 954 861 grano
981 817 1048 850 aut
1081 825 1127 849 ex
1154 814 1261 850 acino

78 867 232 904 vinaceo
251 870 316 904 aut
334 878 383 904 ex
400 871 609 904 ceterarum
628 865 779 915 frugum
799 878 841 903 ac
860 865 1031 914 stirpium
1051 867 1256 905 minutissi-

78 920 146 958 mis
161 919 361 958 seminibus
380 924 506 958 tantos
526 924 680 957 truncos
694 931 890 968 ramosque
910 925 1083 968 procreat
1100 933 1108 957 ε
1130 920 1257 958 malle-

78 974 138 1020 oli,
159 974 310 1023 plantae,
340 978 537 1019 sarmenta,
557 973 785 1017 viviradices,
807 972 1044 1021 propagines,
1065 986 1193 1011 nonne
1212 987 1255 1011 ea

76 1028 254 1073 efficiunt,
273 1034 316 1065 ut
330 1027 496 1076 quemvis
515 1039 599 1064 cum
618 1026 863 1064 admiratione
883 1026 1071 1064 delectent
1085 1027 1105 1064 ἕ)
1159 1027 1258 1065 Vitis

76 1081 240 1130 quidem,
258 1093 341 1130 quae
361 1081 496 1118 natura
513 1080 654 1117 caduca
672 1084 739 1125 est,
762 1085 810 1125 et,
827 1079 898 1116 nisi
916 1079 1012 1117 fulta
1031 1080 1090 1125 sit,
1112 1081 1161 1118 ad
1180 1086 1254 1118 ter-

75 1147 154 1172 ram
182 1134 311 1178 fertur,
341 1134 481 1178 eadem,
511 1139 555 1171 ut
582 1146 621 1170 se
658 1132 790 1182 erigat,
819 1132 1007 1170 claviculis
1035 1134 1121 1180 suis,
1151 1135 1257 1184 quasi

75 1187 260 1233 manibus,
288 1187 472 1236 quidquid
500 1191 556 1224 est
575 1192 697 1231 nacta,
727 1186 1009 1235 complectitur:
1040 1200 1151 1236 quam
1181 1201 1256 1225 ser-

75 1247 226 1291 pentem
260 1240 458 1290 multiplici
494 1240 599 1289 lapsu
635 1245 673 1277 et
710 1240 881 1284 erratico,
917 1240 1016 1277 ferro
1045 1246 1253 1290 amputans,

76 1299 224 1333 coercet
243 1306 301 1332 ars
320 1294 577 1343 agricolarum,
598 1305 647 1330 ne
665 1292 835 1331 silvescat
850 1294 1045 1331 sarmentis
1066 1299 1103 1331 et
1120 1295 1160 1331 in
1179 1307 1257 1332 om-

75 1360 142 1386 nes
159 1353 285 1398 partes
303 1347 417 1385 nimia
435 1347 626 1384 fundatur.
684 1347 747 1384 53.
779 1346 911 1396 Itaque
938 1347 1093 1384 ineunte
1111 1360 1198 1385 vere
1216 1349 1253 1385 in

76 1401 132 1447 iis,
153 1413 236 1450 quae
256 1401 386 1439 relicta
414 1407 512 1446 sunt,
533 1400 679 1438 exsistit
698 1405 876 1449 tanquam
895 1400 943 1437 ad
972 1400 1148 1438 articulos
1176 1414 1252 1438 sar·

74 1461 286 1493 mentorum
305 1467 348 1492 ea
367 1467 450 1504 quae
470 1466 618 1503 gemma
636 1453 795 1491 dicitur:
825 1467 847 1491 a
865 1466 937 1503 qua
949 1454 1071 1491 oriens
1083 1467 1156 1492 uva
1174 1468 1254 1493 sese

76 1508 264 1547 ostendit:
294 1520 390 1557 quae,
411 1513 449 1546 et
468 1520 578 1545 succo
597 1512 706 1545 terrae
723 1513 761 1545 et
779 1507 900 1545 calore
919 1507 1006 1544 solis
1035 1521 1249 1557 augescens,

74 1563 195 1612 primo
211 1566 268 1600 est
285 1562 486 1611 peracerba
504 1566 672 1609 gustatu,
692 1561 829 1598 deinde
847 1566 1033 1599 maturata
1052 1562 1230 1600 dulcescit
1245 1577 1253 1607 ;

75 1615 284 1664 vestitaque
301 1616 496 1665 pampinis,
517 1627 586 1652 nec
604 1615 752 1652 modico
771 1620 900 1664 tepore
920 1619 1032 1660 caret,
1062 1620 1100 1653 et
1118 1616 1252 1654 nimios

74 1669 160 1707 solis
174 1669 343 1707 defendit
361 1669 523 1706 ardores.
554 1668 640 1713 Qua
654 1669 743 1718 quid
761 1673 883 1717 potest
902 1681 981 1706 esse
992 1681 1107 1718 quum
1126 1670 1250 1707 fructu

73 1722 208 1769 laetius,
236 1726 319 1760 tum
346 1722 525 1772 adspectu
561 1722 752 1771 pulchrius
771 1722 790 1759 i>
852 1721 968 1771 Cujus
996 1722 1146 1770 quidem
1173 1736 1251 1761 non

75 1775 216 1815 utilitas
233 1789 294 1814 me
312 1776 444 1821 solum,
458 1781 502 1814 ut
521 1780 608 1813 ante
626 1775 715 1820 dixi,
735 1776 801 1812 sed
819 1775 930 1813 etiam
950 1776 1098 1814 cultura
1116 1782 1154 1814 et
1173 1777 1253 1826 ipsa

75 1835 209 1868 natura
220 1830 383 1868 delectat
396 1843 404 1867 :
426 1829 737 1867 adminiculorum
749 1829 911 1874 ordines,
920 1829 1083 1874 capitum
1089 1830 1253 1879 jugatio,

74 1883 245 1932 religatio
263 1888 301 1921 et
319 1884 539 1933 propagatio
555 1882 698 1927 vitium,
719 1888 1064 1932 sarmentorumque
1076 1896 1130 1925 ea,
1144 1897 1254 1933 quam

76 1937 167 1982 dixi,
197 1936 354 1974 aliorum
381 1937 602 1986 amputati0‚
631 1937 787 1974 aliorum
807 1936 996 1974 immissio.
1053 1937 1157 1981 Quid
1186 1950 1257 1986 ego

73 1990 310 2039 irrigationes
324 1990 344 2028 ἶ)
365 1991 456 2039 quid
475 1990 654 2027 fossiones
674 1990 754 2038 agri
772 1990 1154 2039 repastinationesque
1168 2004 1253 2040 pro·

73 2043 201 2088 feram,
213 2043 348 2092 quibus
366 2044 409 2082 fit
435 2044 554 2081 multo
573 2049 673 2082 terra
700 2043 924 2080 fecundior?
979 2044 1042 2081 54.
1073 2044 1177 2089 Quid
1205 2045 1253 2081 de

73 2096 238 2135 utilitate
255 2096 386 2145 loquar
405 2097 634 2135 stercorandi
648 2097 668 2134 ἶ)
723 2097 816 2133 Dixi
833 2097 873 2133 in
887 2109 932 2134 eo
950 2097 1057 2143 libro,
1079 2109 1187 2145 quem
1207 2099 1251 2136 de

74 2151 179 2189 rebus
189 2151 335 2188 rusticis
348 2150 478 2199 scripsi
493 2164 501 2188 :
522 2151 570 2188 de
588 2162 661 2199 qua.
673 2150 805 2188 doctus
823 2149 1014 2188 Hesiodus
1032 2163 1080 2188 ne
1098 2152 1252 2188 verbum

75 2204 228 2253 quidem
245 2203 344 2249 fecit,
365 2216 479 2252 quum
498 2204 546 2240 de
572 2204 720 2242 cultura
747 2204 829 2252 agri
848 2204 1038 2242 scriberet.
1094 2204 1148 2242 At
1169 2205 1251 2241 Ho-

75 2269 210 2303 merus,
244 2257 309 2306 qui
345 2257 482 2302 multis,
511 2261 556 2294 ut
582 2257 673 2294 mihi
700 2257 861 2303 videtur,
882 2261 970 2295 ante
998 2258 1142 2295 saeculis
1168 2258 1252 2301 fuit,

78 2310 263 2356 Laertem,
293 2309 496 2348 lenientem
523 2310 760 2356 desiderium,
790 2311 893 2360 quod
921 2311 1091 2361 capiebat
1120 2324 1140 2347 e
1167 2312 1255 2354 filio,

74 2364 260 2403 colentem
285 2375 418 2412 agrum
445 2369 483 2401 et
502 2376 588 2402 eum
614 2369 882 2402 stercorantem
900 2364 1001 2403 facit.
1057 2365 1138 2401 Nec
1167 2377 1255 2401 vero
