1496 2671
104 159 127 194 6
439 154 709 193 CORNELII
738 154 982 194 NEPOTIS

102 275 243 308 serens,
267 276 306 300 se
326 263 473 300 hostem
494 275 574 300 esse
596 261 911 309 Atheniensibus,
927 263 1028 311 quod
1044 274 1175 300 eorum
1192 275 1292 300 aux<²

101 318 169 354 ilio
202 317 315 354 Iones
349 316 504 354 Sardois
535 314 834 364 expugnassent,
858 329 1002 366 suaque
1020 316 1210 363 praesidia
1229 317 1290 353 111-

101 370 356 408 terfecissent.
413 370 606 408 Praefecti
635 371 745 419 regii,
776 370 896 407 classe
929 371 977 407 ad
1006 369 1204 407 Euboeam
1223 383 1290 419 ap-

100 423 222 473 pulsa,
245 424 421 461 celeriter
439 424 633 460 Eretriam
655 429 851 472 ceperunt,
874 436 1080 472 omnesque
1099 423 1182 472 ejus
1197 436 1290 473 gen-

100 480 151 515 tis
172 479 275 515 cives
296 479 473 526 abreptos
493 478 534 514 in
554 476 689 514 Asiam
709 478 756 514 ad
779 490 910 524 regem
937 478 1136 514 miserunt.
1195 476 1291 514 Inde

99 534 146 570 ad
180 530 353 568 Atticam
386 537 638 576 accesserunt,
671 544 715 568 ae
748 543 835 567 suas
873 532 1000 579 copias
1037 531 1078 567 in
1115 544 1291 579 campum

100 586 334 623 Marathona
363 586 619 622 deduxerunt.
678 585 718 621 Is
751 586 858 622 abest
887 586 935 621 ab
964 585 1105 633 oppido
1139 585 1292 621 circiter

99 640 222 677 millia
240 652 420 688 passuum
442 640 583 676 decem.
643 638 729 675 Hoc
750 639 917 675 tumultu
938 637 1198 675 Athenienses
1213 644 1291 675 tam

98 694 316 742 propinquo
344 699 498 742 tamque
526 705 665 741 magno
694 693 872 741 permoti,
890 692 1078 728 auxilium
1103 704 1292 740 nusquam

99 748 175 784 nisi
195 760 216 784 a
236 746 548 784 Lacedaemoniis
568 746 806 795 petiverunt3
835 746 1184 796 Philippidemque,
1205 758 1292 781 cur-

99 814 225 839 sorem
253 800 335 849 ejus
363 800 529 850 generis,
549 800 616 849 qui
644 800 922 837 hemerodromi
954 806 1150 843 vocantur,
1172 798 1288 836 Lace-

99 855 322 892 daemonem
360 856 559 898 miserunt,
597 859 638 890 ut
671 854 882 898 nuntiaret,
911 866 1026 902 quam
1054 853 1168 890 celeri
1197 865 1292 900 opus

100 915 200 945 osset
219 909 376 945 auxilio.
435 908 549 944 Domi
572 914 698 944 autem
720 908 838 944 creati
856 908 986 944 decem
1005 913 1213 956 praetoreS,
1228 906 1292 953 qui

99 963 288 999 exercitui
303 967 539 1011 praeessent:
567 962 607 997 in
624 961 679 998 eis
697 961 910 998 Miltiades:
929 962 1031 997 inter
1045 973 1141 1009 quos
1153 972 1294 1009 magna

99 1015 175 1052 fuit
212 1016 419 1060 contentio,
458 1022 589 1051 utrum
626 1015 827 1051 moenibus
864 1027 904 1051 se
942 1014 1204 1058 defenderent,
1244 1026 1293 1050 an

99 1070 252 1107 obviam
289 1070 392 1106 irent
433 1069 610 1106 hostibus
656 1068 813 1116 acieque
860 1069 1120 1105 decernerent.
1178 1067 1294 1106 Unus

99 1123 299 1161 Miltiades
319 1123 489 1160 maxime
510 1123 720 1168 nitebatur,
741 1128 784 1158 ut
803 1122 927 1170 primo
950 1134 1102 1170 quoque
1121 1126 1294 1170 tempore

99 1183 225 1215 castra
257 1178 409 1214 fierent:
441 1177 482 1213 id
513 1176 544 1212 si
577 1176 721 1213 factum
752 1182 862 1221 esset,
893 1181 932 1213 et
951 1176 1102 1213 civibus
1122 1175 1293 1212 animum

98 1243 352 1276 accessurum,
374 1243 494 1278 quum
513 1230 692 1267 viderent
713 1230 759 1267 de
779 1242 912 1267 eorum
930 1229 1077 1266 virtute
1104 1241 1182 1265 non
1208 1229 1294 1266 des-

98 1285 238 1334 perari,
260 1290 299 1321 et,
317 1285 447 1329 hostes
466 1284 599 1320 eadem
619 1296 660 1320 re
679 1283 761 1320 fore
780 1283 978 1329 tardiores,
997 1283 1029 1319 si
1048 1283 1292 1320 animadver-

97 1345 225 1376 terent
243 1339 384 1375 audere
403 1338 590 1374 adversus
610 1350 650 1374 se
669 1343 747 1374 tam
767 1337 921 1387 exiguis
949 1337 1068 1385 copiis
1097 1336 1291 1373 dimicare.

102 1479 200 1517 CAP.
231 1479 285 1516 V.
314 1478 513 1515 Miltiades
542 1485 632 1515 am'e
659 1479 848 1515 sociorum
882 1477 1087 1515 adventum
1120 1476 1293 1514 Darium
1341 1486 1343 1488 ’

413 1533 532 1569 vincit
552 1531 814 1569 Marathonia
831 1530 983 1581 puync‘i.

153 1608 246 1646 Hoc
266 1608 306 1644 in
326 1614 498 1656 tempore
527 1607 633 1644 nulla
661 1607 799 1644 civitas
820 1606 1127 1643 Atheniensibus
1146 1605 1293 1642 auxilio

98 1662 184 1708 fuit,
224 1667 377 1711 praeter
414 1660 713 1703 Plataeensium3
751 1673 795 1697 ea
832 1660 937 1697 mille
974 1659 1078 1696 misit
1111 1660 1290 1696 militum.

97 1716 235 1765 Itaque
263 1716 402 1752 horum
421 1716 592 1752 adventu
623 1715 755 1751 decem
783 1714 904 1750 millia
928 1718 1162 1750 armatorum
1189 1726 1291 1750 com-

98 1771 202 1819 pleta
234 1775 341 1806 sunt:
373 1781 471 1816 quae
501 1780 639 1805 manus
669 1767 836 1804 mirabili
867 1767 1055 1816 flagrabat
1092 1766 1292 1816 pugnandi

98 1824 324 1872 eupiditate:
353 1835 430 1871 quo
464 1822 606 1859 factum
645 1828 714 1867 est,
747 1829 791 1858 ut
827 1820 924 1870 plus,
957 1833 1073 1869 quam
1110 1821 1289 1869 collegae,

97 1877 298 1914 Miltiades
336 1876 515 1913 valuerit.
584 1875 680 1923 Ejus
719 1875 822 1912 enim
858 1875 1086 1912 auctoritate
1123 1874 1292 1922 impulsi,

100 1929 360 1967 Athenienses
382 1930 510 1977 copias
530 1942 580 1966 ex
600 1931 695 1966 urbe
723 1929 954 1972 eduxerunt,
975 1928 1134 1976 locoque
1154 1928 1293 1964 idoneo

99 1990 224 2021 castra
243 1983 434 2026 fecerunt3
464 1984 601 2020 deinde
630 1989 782 2031 postero
802 1983 874 2027 die,
897 1983 968 2019 sub
988 1981 1128 2018 montis
1153 1982 1293 2018 radici-

100 2040 182 2082 bus,
216 2037 296 2074 acie
328 2050 348 2074 e
379 2037 536 2084 regione
573 2037 773 2082 instructa,
812 2033 914 2073 nova„
945 2041 1038 2080 arte,
1073 2035 1113 2071 vi
1144 2032 1295 2072 summ&

98 2091 289 2141 proelium
310 2091 597 2127 commiserunt.
654 2090 834 2139 Namque
862 2092 1017 2126 arbores
1044 2089 1176 2125 multis
1200 2089 1295 2125 locis

99 2151 210 2182 erant
238 2150 393 2188 stratae,
424 2144 494 2180 hoc
523 2144 693 2188 consilio,
715 2151 758 2180 ut
787 2151 824 2180 et
853 2145 1041 2180 montium
1069 2148 1296 2191 tegerentur

100 2199 316 2243 altitudine,
339 2205 376 2234 et
396 2198 576 2242 arborum
606 2204 731 2234 tractu
761 2198 956 2246 equitatus
984 2196 1152 2232 hostium
1171 2196 1293 2244 impe—

101 2253 260 2297 diretul,
282 2263 330 2288 ne
358 2251 606 2287 multitudine
635 2251 920 2288 claude1·.entur
977 2250 1101 2294 Datis,
1123 2250 1196 2286 etsi
1215 2261 1293 2285 non

100 2307 227 2343 locum
263 2317 429 2357 aequum
466 2305 624 2342 videbat
670 2305 760 2350 suis,
800 2310 929 2341 tamen
974 2303 1097 2341 fretus
1133 2313 1295 2339 numelo

101 2360 299 2408 copiarum
329 2371 495 2401 suarum,
529 2358 736 2406 confligere
766 2358 962 2407 cupiebat3
1002 2368 1123 2405 eoque
1155 2354 1291 2403 magis,

101 2414 214 2462 quod,
236 2412 459 2462 priusquam
474 2411 769 2449 Lacedaemonii
788 2411 960 2449 subsidio
974 2411 1161 2455 venirent,
1177 2407 1294 2445 dimi2=
