1496 2671
358 133 562 172 LAELIUS
589 132 665 171 DE
692 132 952 172 AMICITIA.
1188 132 1239 171 29

74 247 114 280 ut
128 242 222 280 nihil
239 241 396 286 inanius,
416 240 510 278 nihil
537 241 654 278 levius
681 254 759 278 esse
787 240 1013 278 existiment.
1069 240 1239 289 Itemque

71 299 204 343 cetera,
234 307 314 345 quae
343 294 559 343 quibusdam
588 294 819 332 admirabilia
846 294 1031 339 videntur,
1062 293 1238 343 permulti

71 353 168 395 sunt,
189 349 252 399 qui
268 360 336 398 pro
355 348 470 386 nihilo
488 353 634 398 putent.
664 347 724 385 De
744 348 904 386 amicitia
917 360 1043 384 omncs
1061 347 1109 384 ad
1121 359 1238 383 unum

71 402 170 440 idem
187 402 367 448 sentiunt,
388 406 428 440 et
446 402 483 448 ii,
505 402 568 451 qui·
579 401 626 439 ad
643 401 908 450 rempublicam
928 414 966 438 se
985 401 1239 443 contulerunt,

72 460 110 494 et
126 456 163 501 ii,
184 455 245 504 qui
263 468 386 492 rerum
401 456 614 505 cognitione
631 455 872 503 doctrinaque
891 455 1135 500 delectantur,
1156 454 1238 499 etii,

70 508 133 557 qui
151 520 255 546 suum
283 509 469 557 negotium
497 513 635 558 gerunt
670 508 802 546 otiosi:
833 513 1019 558 postremo
1045 508 1082 554 ii,
1112 507 1174 556 qui
1202 520 1241 544 se

72 565 170 600 totos
189 562 425 601 tradiderunt
453 563 714 612 voluptatibus,
743 561 822 599 sine
841 561 1003 599 amicitia
1021 562 1135 599 vitam
1164 573 1241 598 esse

73 615 212 653 nullam
232 617 410 662 sentiunt,
432 617 461 654 si
489 617 600 654 modo
628 616 744 654 velint
771 615 893 664 aliqua
921 627 967 652 ex
985 620 1091 664 parte
1109 615 1243 652 libera-

73 668 158 708 liter
193 669 330 707 vivere.
386 669 448 709 87.
479 670 602 719 Serpit
638 670 747 715 enim,
785 669 909 706 nescio
946 669 1146 716 quomodo,
1176 680 1242 718 per

73 723 239 760 omnium
267 723 361 763 vitas
387 724 560 770 amicitia,
590 736 658 761 nec
684 723 798 760 ullam
828 723 950 761 aetatis
976 723 1159 771 degendae
1186 734 1245 758 ra—

75 776 213 814 tionem
233 778 374 827 patitur
393 790 472 815 esse
489 784 678 827 expertem
697 777 767 814 sui.
807 776 908 822 Quin
928 776 1039 814 etiam
1055 776 1085 813 si
1105 775 1187 825 quis
1202 788 1244 813 ea

76 830 275 880 asperitate
293 837 349 869 est
368 836 405 869 et
423 831 654 870 immanitate
674 836 826 875 naturae,
840 842 1057 879 congressus
1072 834 1115 867 ut
1126 828 1245 866 homi-

79 895 167 920 num
199 883 320 933 fugiat
346 890 457 935 atque
476 885 608 931 oderit,
637 885 784 934 qualem
811 884 922 921 fuisse
940 883 1102 922 Athenis
1121 882 1248 920 Timo·

77 949 161 974 nem
180 938 303 975 nescio
322 950 430 987 quem
457 939 666 988 accepimus
687 952 695 976 ε
725 943 851 976 tamen
869 938 900 974 is
918 938 997 987 pati
1024 949 1100 974 non
1118 936 1245 986 possit,

77 995 209 1028 utnon
227 992 398 1040 anquirat
426 992 596 1042 aliquem,
617 992 716 1042 apud
735 1004 844 1040 quem
864 996 1011 1029 evomat
1029 991 1129 1028 virus
1149 1002 1249 1027 acer-

77 1044 204 1083 bitatis
232 1058 321 1083 suae.
376 1049 500 1095 Atque
527 1047 595 1083 hoc
623 1047 784 1083 maxime
813 1045 1055 1094 judicaretur,
1089 1044 1120 1081 si
1158 1043 1248 1091 quid

77 1097 150 1136 tale
167 1105 292 1148 posset
305 1101 533 1149 contingere,
555 1105 597 1138 ut
616 1099 747 1149 aliquis
767 1111 834 1136 nos
855 1099 958 1136 Deus
973 1111 1019 1136 ex
1037 1098 1107 1135 hac
1126 1097 1244 1134 homi-

77 1163 166 1188 num
181 1151 389 1201 frequentia
400 1155 550 1192 tolleret
565 1154 655 1192 etin
669 1153 868 1191 solitudine
879 1152 1022 1201 uspiam
1035 1152 1244 1196 collocaret,

79 1208 190 1253 atque
225 1206 275 1243 ibi
296 1208 535 1256 suppeditans
556 1208 721 1244 omnium
736 1219 873 1250 rerum,
894 1219 984 1255 quas
998 1210 1133 1244 natura
1151 1204 1246 1242 desi-

80 1258 197 1303 derat,
228 1260 494 1299 abundantiam
522 1266 559 1298 et
587 1262 740 1310 copiam,
769 1260 928 1297 hominis
948 1260 1099 1297 omnino
1127 1259 1248 1308 adspi-

77 1312 199 1349 ciendi
218 1318 439 1361 potestatem
459 1316 628 1364 eriperet.
687 1314 749 1351 88.
773 1313 868 1359 Quis
888 1318 963 1351 tam
983 1318 1080 1351 esset
1094 1313 1246 1357 ferreus,

78 1366 140 1412 qui
160 1378 240 1403 eam
259 1368 372 1405 vitam
388 1369 483 1405 ferre
500 1374 635 1418 posset,
658 1368 790 1416 cuique
810 1379 887 1403 non
905 1367 1067 1408 auferret
1085 1367 1248 1404 fructum

79 1419 310 1468 voluptatum
336 1422 500 1459 omnium
528 1422 689 1459 solitudo
709 1421 728 1458 ἱ)
783 1420 924 1458 Verum
952 1433 1041 1469 ergo
1059 1420 1153 1457 illud
1180 1426 1248 1465 est,

78 1473 177 1521 quod
196 1486 217 1510 a
233 1474 438 1513 Tarentino
458 1475 637 1525 Archyta,
658 1479 701 1513 ut
719 1474 861 1524 opinor,
883 1474 957 1511 dici
982 1474 1143 1518 solitum,
1164 1486 1248 1510 nos·

82 1531 156 1564 tros
171 1540 274 1565 senes
285 1541 572 1566 commemorare
589 1528 725 1573 audivi,
746 1529 793 1565 ab
807 1528 887 1565 aliis
902 1528 1049 1566 senibus
1058 1527 1224 1565 auditum
1241 1542 1250 1563 ς

82 1580 121 1616 Si
149 1581 228 1628 quis
255 1581 295 1618 in
322 1583 453 1620 coelum
481 1583 743 1627 adscendisset,
772 1587 1015 1630 naturamque
1050 1580 1180 1617 mundi
1213 1586 1249 1618 et

82 1634 393 1680 pulchritudinem
412 1637 572 1674 siderum
593 1636 848 1685 perspexisset,
865 1635 1055 1672 insuavem
1070 1635 1172 1671 illam
1186 1635 1251 1672 ad-

81 1687 312 1727 mirationem
330 1690 364 1728 ei
381 1690 483 1735 fore3
504 1703 582 1739 quae
596 1689 868 1740 jucundissima
879 1689 1016 1734 fuisset,
1037 1689 1067 1726 si
1080 1689 1250 1738 aliquem,

82 1741 142 1778 cui
177 1749 355 1789 narraret,
390 1744 590 1782 habuisset.
648 1745 709 1782 Sic
745 1749 880 1782 natura
916 1742 1120 1780 solitarium
1160 1741 1253 1778 nihil

83 1801 190 1841 amat,
212 1809 426 1847 semperque
444 1799 492 1835 ad
511 1799 659 1846 aliquod
676 1804 851 1846 tanquam
867 1796 1131 1834 adminiculum
1146 1796 1251 1832 anni-

85 1848 176 1886 titur
195 1863 205 1888 :
234 1852 336 1900 quod
353 1852 393 1889 in
412 1852 631 1890 amicissimo
645 1864 788 1901 quoque
806 1850 1058 1888 dulcissimum
1079 1856 1147 1887 est.

140 1903 284 1941 XXIV.
314 1905 389 1943 Sed
407 1917 519 1953 quum
546 1911 604 1944 tot
622 1906 737 1955 signis
765 1905 894 1942 eadem
914 1909 1048 1942 natura
1075 1904 1253 1948 declaret,

88 1956 177 2004 quid
197 1957 296 2004 velit,
317 1959 498 2008 anquirat,
521 1972 563 1997 ac
577 1960 787 2003 desideret3
817 1958 1112 1996 obsurdescimus
1130 1961 1257 1995 tamen

87 2010 210 2047 nescio
229 2014 412 2059 quomodo
429 2026 437 2057 ;
458 2026 526 2051 nec
546 2027 600 2059 ea,
622 2027 704 2063 quae
725 2014 772 2050 ab
791 2026 834 2050 ea
847 2023 1052 2058 monemur,
1075 2011 1254 2048 audimus.

89 2062 158 2102 Est
177 2065 275 2101 enim
302 2066 424 2103 varius
451 2073 489 2105 et
516 2067 712 2116 multiplex
737 2080 825 2104 usus
844 2065 1027 2111 amicitiae,
1058 2065 1257 2114 multaeque

89 2129 206 2154 causae
252 2119 499 2169 suspicionum
526 2121 840 2169 offensionumque
869 2119 1032 2157 dantur:
1063 2131 1150 2167 quas
1176 2125 1255 2157 tum

90 2171 239 2219 evitare,
257 2179 335 2211 tum
354 2173 507 2219 elevare,
527 2179 607 2212 tum
624 2175 731 2220 ferre,
752 2173 928 2224 sapientis
947 2177 1016 2210 est.

144 2225 229 2263 Una
246 2225 311 2263 illa
328 2227 556 2265 sublevanda
574 2229 726 2266 offensio
747 2234 814 2273 est,
836 2232 876 2264 ut
895 2231 933 2264 et
951 2226 1088 2264 veritas
1105 2225 1146 2263 in
1164 2228 1253 2263 ami-

90 2279 177 2317 citia
193 2285 232 2317 et
257 2280 350 2317 fides
368 2280 586 2319 retineatur.
641 2283 739 2319 Nam
758 2288 795 2320 et
822 2280 999 2318 monendi
1026 2280 1133 2317 amici
1160 2292 1256 2328 saepe

89 2340 187 2378 sunt,
218 2339 255 2371 et
283 2333 534 2383 objurgandi3
565 2339 603 2372 et
629 2335 709 2372 haec
737 2334 951 2384 accipienda
978 2334 1104 2379 amice,
1143 2345 1255 2380 quum

90 2386 267 2425 benevole
294 2387 398 2425 fiunt.
454 2387 516 2426 89.
544 2388 629 2433 Sed,
659 2389 783 2426 nescio
802 2388 1000 2436 quomodo,
1030 2399 1160 2425 verum
1187 2391 1259 2431 est,

92 2440 188 2487 quod
204 2440 241 2477 in
263 2441 406 2479 Andria.
423 2441 612 2480 familiaris
631 2454 734 2479 meus
753 2442 866 2480 dicit:

633 2508 716 2551 02
