1496 2671
444 135 608 173 LIBER
637 133 827 180 QUART
834 135 911 174 US.
1206 138 1252 174 61.

97 243 365 294 quinquaginta
406 242 531 280 falcati
575 253 702 279 currus
747 243 1022 291 sequebantur:
1067 244 1253 293 proximus

96 297 285 347 quadrigis
302 300 381 333 erat
399 294 547 341 Bessus,
576 308 658 332 cum
677 299 762 333 octo
788 296 949 333 millibus
976 297 1137 345 equitum
1164 298 1251 336 item

97 349 312 390 Bactrianis.
368 348 598 398 Massagetae
634 349 780 386 duobus
815 349 976 387 millibus
1012 364 1145 399 agmen
1172 351 1250 400 ejus

95 405 327 442 claudebant.
381 401 528 440 Pedites
554 402 610 442 his
629 402 789 451 plurium
805 403 973 451 gentium
999 416 1075 441 non
1103 405 1248 451 mixtas,

95 458 160 495 sed
185 469 272 494 suae
308 455 461 506 quisque
491 455 653 494 nationis
684 456 886 505 junxerant
914 457 1048 506 copias.
1123 459 1253 496 Persas

93 511 227 548 deinde
245 522 329 547 cum
349 509 490 546 Mardis
510 509 778 558 Sogdianisque
805 508 1076 548 Ariobarzanes
1096 518 1133 549 et
1155 512 1250 550 Oro-

91 565 193 602 bates
209 563 409 601 ducebant.
444 563 503 600 Illi
521 563 686 612 partibus
704 563 903 612 copiarum,
924 574 1086 601 summae
1099 566 1250 603 Orsines

89 622 256 666 praeerat
275 631 296 654 a
314 622 453 666 septem
487 617 607 654 Persis
638 617 828 662 oriundus,
856 617 904 653 ad
937 617 1077 667 Cyrum
1104 631 1248 667 quoque

89 671 354 708 nobilissimum
381 683 505 719 regem
531 670 711 719 originem
738 673 795 707 sui
821 670 993 708 referens.
1050 670 1130 709 Hos
1157 673 1249 710 aliae

87 729 227 773 gentes,
249 737 296 761 ne
314 724 420 761 sociis
434 724 582 772 quidem
596 724 683 761 satis
701 728 823 769 notae,
844 725 1103 772 sequebantur.
1160 726 1247 764 Post

87 790 178 827 quas
203 778 470 826 quinquaginta
488 778 683 826 quadrigas
711 777 915 815 Phradates
933 790 1069 827 magno
1099 779 1248 828 Caspia-

86 843 217 868 norum
231 832 378 880 agmine
397 831 652 869 antecedebat.
707 830 803 875 Indi,
817 832 1003 880 ceterique
1016 832 1119 869 rubri
1139 834 1246 870 maris

86 884 247 931 adcolae,
264 885 414 922 nomina
432 885 552 922 verius
571 897 680 932 quam
707 885 853 929 auxilia,
873 892 958 934 post
976 898 1104 923 currus
1123 896 1242 925 erant.

86 936 340 976 Claudebatur
357 939 428 975 hoc
442 951 574 986 agmen
602 938 683 975 aliis
709 938 851 975 falcatis
879 939 1046 976 curribus
1064 940 1243 989 quinqua-

86 992 213 1039 ginta:
252 992 354 1041 queis
381 993 617 1041 peregrinum
645 991 800 1029 militem
829 991 1062 1040 adjunxerat.
1130 993 1244 1031 Hunc

86 1045 266 1091 Armenii,
295 1058 386 1094 quos
429 1046 588 1082 minores
623 1050 768 1090 vocant,
806 1045 1004 1083 Armenios
1032 1046 1242 1096 Babylonii,

85 1104 258 1146 utrosque
278 1099 431 1144 Belitae,
453 1104 490 1136 et
517 1098 580 1147 qui
599 1104 742 1136 montes
762 1098 1003 1136 Cossaeorum
1019 1099 1241 1145 incolebant,

85 1153 340 1200 sequebantur.
397 1152 488 1189 Post
513 1151 580 1188 hos
608 1152 713 1190 ibant
742 1151 919 1198 Gortuae,
948 1153 1066 1200 gentis
1093 1155 1241 1202 quidem

86 1204 282 1250 Euboicae,
312 1205 444 1242 Medos
470 1205 654 1253 quondam
673 1206 788 1242 secuti
807 1218 816 1250 ;
846 1206 911 1243 sed
930 1205 1009 1254 jam
1028 1207 1240 1256 degeneres,

82 1264 121 1296 et
155 1259 265 1308 patrii
300 1259 410 1295 moris
437 1258 569 1307 ignari.
641 1258 884 1308 Applicuerat
909 1259 966 1296 his
1003 1259 1171 1310 Phrygas
1207 1274 1242 1300 et

85 1311 279 1350 Cataonas.
336 1312 557 1350 Parthorum
578 1312 713 1349 deinde
731 1325 833 1361 gens,
862 1313 1103 1350 incolentium
1123 1322 1240 1352 terras

81 1378 172 1414 quas
199 1378 297 1403 nunc
325 1366 454 1404 Parthi
482 1365 634 1415 Scythia
661 1366 815 1414 profecti
850 1371 990 1412 tenent,
1020 1367 1238 1407 claudebant

82 1431 228 1467 agmen.
283 1419 389 1456 Haec
403 1419 541 1457 sinistri
560 1432 675 1456 cornu
694 1419 789 1457 acies
806 1419 888 1458 fuit.

135 1472 297 1509 XLVII.
326 1473 510 1509 Dextrum
546 1473 698 1510 tenebat
725 1473 825 1510 natio
854 1473 1001 1522 majoris
1029 1475 1238 1521 Armeniae,

82 1525 314 1574 Cadusiique,
336 1526 583 1576 Cappadoces,
604 1532 642 1563 et
662 1526 757 1575 Syri,
787 1532 824 1564 et
842 1526 946 1564 Medi
966 1541 974 1565 :
1003 1528 1060 1565 his
1091 1541 1236 1578 quoque

80 1579 202 1617 falcati
229 1592 355 1617 currus
374 1585 479 1617 erant
498 1580 777 1628 quinquaginta.
835 1579 984 1618 Summa
1002 1582 1116 1620 totius
1135 1595 1237 1620 exer-

79 1633 184 1678 citus,
222 1633 364 1682 equites
400 1633 646 1682 quadraginta
681 1634 842 1682 quinque
878 1634 1018 1672 millia:
1058 1636 1237 1684 pedestris

79 1686 173 1723 acies
192 1686 353 1725 ducenta
389 1687 503 1723 millia
538 1687 761 1735 expleverat.
817 1686 902 1724 Hoc
929 1689 1039 1725 modo
1066 1689 1237 1729 instructi

78 1740 205 1777 decem
247 1740 365 1777 stadia
391 1740 626 1789 procedunt:
666 1740 834 1789 jussique
871 1742 1079 1787 subsistere,
1106 1746 1236 1782 armati

78 1793 219 1831 hostem
239 1795 497 1842 expectabant.
552 1794 759 1830 Alexandri
773 1795 974 1832 exercitum
989 1809 1113 1845 pavor,
1135 1798 1237 1846 cujus

77 1859 186 1884 causa
212 1859 287 1884 non
314 1848 472 1893 suberat,
500 1847 656 1885 invasit:
684 1848 816 1897 quippe
843 1848 1025 1897 lymphati
1050 1850 1234 1899 trepidare

78 1906 288 1948 coeperunt,
317 1902 479 1938 omnium
507 1907 658 1950 pectora
684 1901 828 1938 occulto
856 1910 957 1939 metu
984 1913 1236 1951 percurrente.

80 1952 183 1990 Coeli
195 1954 328 2003 fulgor,
346 1959 512 2004 tempore
530 1955 669 1992 aestivo
688 1954 834 1992 ardenti
847 1955 973 1993 similis
998 1956 1230 2003 internitens,

78 2006 174 2055 ignis
200 2007 370 2056 praebuit
396 2008 575 2058 speciem:
622 2008 858 2057 flammasque
893 2022 939 2045 ex
967 2009 1075 2046 Darii
1102 2012 1230 2048 castris

79 2060 282 2108 splendere,
321 2061 423 2099 velut
457 2062 552 2099 illati
595 2067 733 2099 temere
768 2062 969 2111 praesidiis,
1016 2064 1229 2102 credebant.

80 2114 191 2158 Quod
210 2114 240 2150 si
258 2115 432 2163 perculsis
460 2116 642 2161 Mazaeus,
663 2115 725 2163 qui
751 2116 985 2164 praesidebat
1009 2116 1143 2162 itineri,
1174 2132 1234 2155 su-

77 2167 314 2215 pervenisset,
330 2168 461 2216 ingens
479 2169 600 2206 clades
617 2169 732 2218 accipi
750 2170 872 2217 potuit
892 2183 899 2207 :
919 2170 981 2207 ille
993 2171 1115 2219 segnis
1133 2172 1172 2207 in
1191 2185 1233 2208 eo

77 2233 185 2269 quem
203 2228 443 2270 occupaverat
460 2223 604 2259 tumulo
623 2223 736 2267 sedet,
757 2228 955 2261 contentus
981 2236 1058 2260 non
1083 2224 1226 2262 lacessi.

77 2274 302 2319 Alexander,
322 2275 471 2322 cognito
497 2288 631 2324 pavore
649 2276 842 2322 exercitus,
859 2277 1006 2326 signum
1023 2283 1066 2314 ut
1094 2279 1230 2315 consis-

22 2350 24 2352 -
78 2334 198 2366 terent
217 2328 307 2372 dari,
327 2327 424 2376 ipsos
444 2341 544 2365 arma
562 2329 746 2378 deponere
773 2342 814 2367 ae
832 2330 954 2367 levare
981 2343 1144 2380 corpora,
1168 2332 1229 2380 ju-

76 2382 168 2419 bet:
211 2381 424 2427 admonens,
453 2381 588 2418 nullam
625 2383 736 2420 subiti
773 2396 917 2421 causam
955 2397 1032 2422 esse
1061 2385 1231 2430 timoris}

632 2448 661 2484 F
