1496 2671
330 184 405 221 DE
434 181 615 220 BELLO
646 180 895 221 GALLICO
924 182 1031 220 LIB.
1058 183 1095 220 Ι.
1258 183 1309 221 29

120 290 262 341 triplici
290 287 489 334 instructa,
520 289 568 326 ad
597 301 683 326 eum
711 289 839 326 locum
877 290 997 327 venit.
1071 288 1245 326 Primam
1273 294 1313 326 et

120 343 322 383 secundam
342 342 461 380 aciem
480 343 522 378 in
558 341 676 380 armis
710 354 802 387 esse,
834 344 989 380 tertiam
1016 348 1141 381 castra
1159 342 1313 380 munire

113 398 245 446 jussit.
301 396 379 433 Hic
399 396 504 433 locus
536 397 583 433 ab
603 395 713 433 hoste
743 396 898 434 circiter
928 409 1063 445 passus
1097 401 1311 440 sexcentos,

118 451 177 488 uti
196 450 341 487 dictum
367 455 435 494 est,
457 450 600 486 aberat.
657 449 716 486 Eo
749 449 904 487 circiter
933 450 1132 487 hominum
1151 461 1313 486 numero

118 503 225 540 XVI
254 502 376 539 millia
405 503 587 551 expedita
617 514 705 540 cum
738 503 842 539 omni
879 503 1053 552 equitatu
1086 502 1314 540 Ariovistus

116 556 233 600 misit,
272 567 358 605 quae
393 556 512 604 copiae
545 562 696 593 nostros
725 561 986 604 perterrerent
1024 562 1064 593 et
1097 556 1314 593 munitione

116 609 379 659 prohiberent·
410 609 547 646 Nihilo
567 610 693 647 secius
708 609 848 655 Caesar,
870 615 914 646 ut
933 615 1024 647 ante
1044 609 1311 654 constituerat,

116 663 213 700 duas
249 662 351 700 acies
379 662 527 700 hostem
560 663 795 712 propulsare,
830 663 984 700 tertiam
1015 675 1110 712 opus
1130 662 1315 711 perficere

110 715 244 765 jussit.
301 715 467 753 Munitis
487 716 634 762 eastris,
667 716 762 754 duas
794 716 851 753 ibi
881 716 1054 766 legiones
1087 715 1246 764 reliquit
1276 721 1315 752 et

116 775 266 819 partem
285 769 536 814 auxiliorum3
564 775 731 819 quatuor
757 769 927 819 reliquas
954 770 996 806 in
1023 774 1149 807 castra
1168 768 1316 817 majora

116 823 286 860 reduxit.

169 876 215 913 L.
243 875 432 913 Proximo
451 876 513 914 die
545 876 725 914 instituto
756 888 824 913 suo
849 874 980 914 Caesar
1000 888 1021 913 e
1040 875 1177 913 castris
1197 875 1315 912 utris-

117 941 192 978 que
211 930 341 978 copias
361 942 448 967 suas
476 930 624 976 eduxit,
664 929 914 978 paullumque
942 942 964 967 a
994 927 1205 978 majoribus
1225 941 1314 978 pro-

117 995 283 1032 gressus,
305 983 425 1020 aciem
443 983 643 1029 instruxit,
664 983 915 1031 hostibusque
927 982 1127 1032 pugnandi
1147 987 1315 1031 potesta-

118 1043 196 1074 tem
216 1036 319 1074 fecit.
377 1036 459 1074 Ubi
479 1049 528 1074 ne
547 1043 628 1073 tum
647 1037 804 1086 quidem
833 1049 896 1074 eos
922 1036 1077 1085 prodire
1105 1035 1313 1081 intellexit,

117 1089 273 1127 circiter
299 1089 501 1127 meridiem
526 1090 743 1127 exercitum
770 1089 812 1126 in
840 1095 966 1127 castra
983 1089 1154 1127 reduxit.
1212 1088 1316 1125 Tum

118 1143 270 1180 demum
306 1143 533 1181 Ariovistus
580 1148 729 1192 partem
779 1155 937 1180 suarum
976 1142 1187 1192 copiarum,
1226 1153 1314 1191 quae

117 1201 242 1234 castra
260 1196 410 1232 minora
422 1201 674 1245 oppugnaret,
695 1196 801 1234 misit
807 1211 818 1240 3
833 1196 975 1234 acriter
987 1196 1184 1245 utrimque
1194 1207 1316 1243 usque

118 1249 167 1286 ad
186 1261 392 1299 vesperum
410 1256 626 1299 pugnatum
654 1255 726 1287 est.
785 1249 886 1287 Solis
914 1262 1050 1287 occasu
1080 1261 1168 1287 suas
1187 1249 1316 1297 copias

118 1302 356 1348 Ariovistus,
386 1303 518 1341 multis
547 1309 585 1341 et
613 1302 732 1341 illatis
760 1308 799 1341 et
827 1303 996 1352 acceptis
1013 1302 1254 1347 vulneribus,
1274 1302 1316 1338 in

118 1361 243 1394 castra
275 1356 446 1394 reduxit.
503 1355 634 1402 Quum
671 1369 723 1394 ex
754 1356 922 1406 captivis
948 1361 1141 1405 quaereret
1171 1354 1315 1401 Caesar,

120 1422 234 1458 quam
255 1410 304 1447 ob
322 1422 404 1447 rem
438 1410 663 1448 Ariovistus
694 1410 831 1460 proelio
863 1422 941 1447 non
969 1410 1194 1454 decertaret,
1216 1408 1317 1445 hanc

119 1463 337 1512 reperiebat
352 1475 518 1509 causam,
532 1464 634 1512 quod
654 1464 757 1513 apud
778 1462 995 1501 Germanos
1014 1475 1060 1501 ea
1078 1462 1317 1500 consuetudo

119 1521 234 1561 esset,
256 1522 298 1553 ut
316 1522 458 1554 matres
477 1515 632 1554 familiae
652 1528 785 1555 eorum
805 1517 974 1554 sortibus
990 1521 1028 1554 et
1042 1515 1316 1554 vaticination-

119 1569 210 1608 ibus
229 1569 479 1615 declararent,
501 1575 632 1607 utrum
650 1570 829 1619 proelium
840 1570 1029 1608 committi
1042 1582 1092 1607 ex
1111 1581 1185 1607 usu
1204 1573 1315 1614 esset,

119 1635 191 1661 nec
210 1635 275 1660 ne:
304 1635 367 1660 eas
387 1623 443 1660 ita
461 1623 604 1661 dicere:
633 1623 727 1661 Non
755 1636 838 1661 esse
865 1622 924 1661 fas
945 1622 1163 1662 Germanos
1183 1634 1318 1671 super-

120 1688 196 1721 are,
216 1676 249 1713 si
268 1682 358 1714 ante
376 1689 517 1714 novam
535 1677 666 1714 lunam
694 1677 831 1726 proelio
858 1676 1157 1715 contendissent.

173 1729 244 1767 LI.
274 1729 470 1767 Postridie
490 1730 573 1779 ejus
589 1730 666 1768 diei
688 1730 832 1777 Caesar,
848 1730 1028 1779 praesidio
1040 1729 1216 1778 utrisque
1235 1741 1317 1767 cas-

118 1782 202 1829 tris,
223 1783 327 1832 quod
346 1783 439 1821 satis
458 1795 541 1821 esse
560 1783 689 1822 visum
709 1789 778 1829 est,
798 1784 947 1830 relicto,
966 1795 1098 1821 omnes
1118 1782 1257 1820 alarios
1275 1782 1319 1818 in

120 1842 328 1886 conspectu
367 1837 537 1874 hostium
566 1850 638 1886 pro
688 1837 824 1875 castris
863 1837 1076 1874 minoribus
1104 1835 1316 1881 constituit,

121 1890 224 1938 quod
259 1890 388 1927 minus
428 1890 678 1928 multitudine
715 1890 883 1928 militum
918 1889 1219 1939 legionariorum
1248 1901 1318 1938 pro

121 1943 290 1980 hostium
310 1956 471 1981 numero
491 1944 656 1989 valebat,
671 1948 713 1981 ut
725 1944 774 1981 ad
793 1943 960 1993 speciem
979 1943 1109 1981 alariis
1128 1948 1316 1980 uteretur.

122 1995 213 2045 Ipse
242 1997 386 2046 triplici
416 1995 607 2035 instructa
640 1997 721 2035 acie
750 2009 874 2046 usque
904 1997 952 2034 ad
985 2001 1111 2034 castra
1146 1996 1319 2033 hostium

122 2049 295 2087 accessit.
344 2050 446 2088 Tum
459 2051 614 2088 demum
635 2052 852 2088 necessario
874 2049 1062 2093 Germani
1083 2062 1171 2087 suas
1189 2049 1319 2097 copias

123 2103 259 2139 castris
279 2103 508 2149 eduxerunt,
523 2105 816 2152 generatimque
835 2104 1121 2141 constituerunt
1141 2102 1320 2152 paribus-

122 2168 198 2203 que
234 2156 451 2194 intervallis
499 2157 693 2203 Harudes,
748 2157 1056 2202 Marcomannos,
1093 2156 1319 2201 Triboccos,

123 2207 355 2258 Vangiones,
397 2210 592 2257 Nemetes,
635 2211 829 2256 Sedusios,
885 2210 1047 2256 Suevos,
1091 2221 1320 2256 omnemque

123 2262 244 2299 aciem
265 2275 374 2300 suam
406 2264 536 2301 rhedis
564 2270 603 2302 et
635 2265 755 2302 carris
787 2264 1134 2308 circumdederunt,
1168 2275 1218 2300 ne
1247 2274 1322 2310 qua

123 2327 210 2364 spes
230 2315 271 2351 in
290 2315 385 2365 fuga
403 2316 699 2366 relinqueretur.
755 2318 815 2354 Eo
838 2317 1019 2355 mulieres
1038 2317 1317 2365 imposuerunt,

123 2380 209 2417 quae
227 2368 268 2405 in
297 2370 476 2418 proelium
509 2371 795 2419 proficiscentes
825 2371 969 2408 milites
995 2370 1116 2419 passis
1141 2368 1320 2405 manibus

123 2422 261 2459 fientes
284 2423 551 2472 implorabant,
581 2436 630 2461 ne
659 2437 698 2462 se
725 2424 766 2460 in
785 2424 1011 2462 servitutem
1031 2421 1218 2461 Romanis
1237 2427 1315 2458 tra-

123 2474 270 2513 dorent.
