1496 2671
238 148 260 184 ὃ
492 157 625 184 cnon
653 157 790 184 MAJOR
817 158 870 185 na
900 154 1156 184 SENECTUTE.

238 252 411 291 eruditius
429 252 607 290 videbitur
625 252 818 303 disputare,
843 266 953 303 quam
981 253 1171 291 consuevit
1200 251 1278 301 ipse
1297 252 1334 288 in
1352 254 1428 290 suis

237 307 347 352 libris,
375 306 555 344 attribuito
577 305 716 344 Graecis
743 307 877 354 litteris,
898 320 1053 356 quarum
1073 311 1215 344 constat
1233 316 1320 343 eum
1341 318 1423 356 per-

239 359 443 398 studiosum
464 358 573 397 suisse
592 360 629 396 in
649 367 846 398 senectute.
906 360 978 398 Sed
996 360 1081 410 quid
1101 371 1193 409 opus
1212 365 1265 396 est
1284 360 1387 409 plura
1405 361 1428 399 ἶ)

237 413 324 453 Jam
337 414 438 451 enim
453 414 564 463 ipsius
581 413 733 452 Catonis
748 427 868 452 sermo
882 414 1082 464 explicabit
1099 420 1259 451 nostram
1276 426 1424 452 omnem

238 467 284 506 de
303 474 490 505 senectute
509 468 739 505 sententiam.

289 519 343 558 II.
369 521 406 559 4.
439 520 586 559 Scimo.
617 520 876 570 Saepenumero
904 520 1072 558 admirari
1109 520 1208 558 soleo
1236 533 1321 558 cum
1353 519 1425 558 hoc

237 575 330 613 Caio
367 574 492 621 Laeuo,
521 581 600 612 tum
637 580 840 612 ceterarum
872 586 992 612 rerum
1029 580 1130 611 tuam
1165 574 1424 620 excellentem,

241 627 371 666 Marce
393 627 500 676 Cato,
521 628 793 678 perfectamque
822 628 1052 676 sapientiam,
1071 633 1148 664 tum
1169 627 1227 664 vel
1247 627 1426 674 maxime,

242 681 340 732 quod
377 694 563 732 nunquam
593 689 819 719 senectutem
849 681 912 718 tibi
941 693 1086 730 gravem
1116 692 1196 717 esse
1223 682 1427 728 senserim3

240 749 320 786 quae
350 736 530 785 plerisque
559 736 707 772 senibus
735 736 787 772 sic
816 735 940 772 odiosa
967 742 1032 782 est,
1062 742 1102 771 ut
1130 746 1222 771 onus
1250 747 1288 772 se
1312 734 1426 772 AEtna

239 790 383 838 gravius
401 788 526 826 dicant
551 789 742 826 sustinere.
799 787 932 827 CATO.
989 788 1083 827 Rem
1110 787 1207 825 haud
1227 800 1315 825 sane
1334 788 1425 825 diffi-

242 843 363 889 cilem,
385 843 508 892 Scipio
537 848 573 879 et
592 842 689 887 Laeli,
712 842 882 880 admirari
910 841 1097 880 videmini.
1154 841 1299 887 Quibus
1325 843 1425 879 enim

242 896 328 933 nihil
358 897 438 945 opis
466 904 520 933 est
548 896 583 931 in
613 896 700 944 ipsis
729 895 776 932 ad
804 896 898 933 bene
928 896 1106 944 beateque
1135 894 1350 941 vivendum,
1382 896 1426 932 iis

243 951 363 987 omnis
379 950 497 998 gravis
515 955 570 986 est
589 955 675 987 aetas
695 961 703 987 :
731 949 790 998 qui
819 956 941 986 autem
971 950 1095 987 omnia
1123 948 1219 986 bona
1239 961 1261 985 a
1281 961 1320 986 se
1340 949 1425 999 ipsis

241 1008 381 1053 petunt,
410 1003 454 1040 iis
484 1002 570 1040 nihil
599 1009 716 1052 potest
745 1003 884 1040 malum
918 1002 1043 1050 videri,
1074 1002 1170 1051 quod
1199 1009 1334 1041 naturae
1361 1015 1426 1039 ne-

243 1057 392 1094 cessitas
421 1058 558 1094 afferat.
617 1056 704 1102 Quo
734 1056 769 1092 in
799 1069 928 1105 genere
959 1058 992 1093 in
1014 1056 1140 1107 primis
1159 1061 1213 1093 est
1232 1063 1426 1103 senectus3

243 1123 356 1159 quam
385 1117 423 1148 ut
451 1110 709 1160 adipiscantur,
730 1122 858 1147 omnes
887 1116 1034 1160 optant3
1063 1109 1218 1147 eandem
1249 1116 1428 1148 accusant

242 1163 413 1213 adeptam
431 1172 444 1201 z*
469 1169 572 1202 tanta
601 1170 655 1200 est
683 1165 926 1201 inconstantia
954 1164 1120 1209 stultitiae,
1140 1169 1249 1213 atque
1279 1175 1424 1214 perver-

241 1219 338 1255 sitas.
423 1218 623 1268 Obrepere,
662 1218 777 1263 aiunt,
814 1229 898 1254 eam
937 1218 1040 1254 eitius
1075 1229 1185 1266 quam
1225 1224 1423 1266 putassent.

241 1271 420 1318 Primum,
441 1271 521 1321 quis
550 1271 666 1319 coegit
692 1283 755 1308 eos
782 1270 914 1308 salsum
944 1276 1070 1320 putare
1088 1272 1108 1309 ἱ)
1166 1271 1265 1316 Quid
1292 1272 1391 1308 enim
1407 1272 1427 1309 ἱ)

242 1325 348 1362 citius
367 1324 621 1362 adolescentiae
650 1330 831 1370 senectus,
852 1338 962 1373 quam
993 1325 1154 1373 pueritiae
1179 1324 1425 1362 adolescentia

240 1379 414 1428 obrepit?
470 1377 625 1425 Deinde,
656 1380 720 1428 qui
750 1379 872 1415 minus
908 1379 1027 1426 gravis
1054 1383 1149 1415 esset
1176 1379 1218 1415 iis
1246 1384 1429 1424 senectus,

241 1433 270 1468 si
291 1432 635 1481 octingentesimum
656 1443 795 1468 annum
816 1438 973 1480 agerent,
993 1444 1106 1481 quam
1124 1432 1387 1481 octogesimum
1407 1433 1428 1470 ἱ)

244 1486 426 1525 Praeterita
461 1486 561 1522 enim
598 1491 696 1531 aetas,
726 1485 897 1534 quamvis
925 1485 1042 1534 longa,
1070 1497 1184 1535 quum
1212 1485 1426 1532 effluxisset,

245 1540 345 1576 nulla
363 1539 612 1576 consolatione
632 1539 859 1588 permulcere
878 1545 1000 1588 posset
1019 1540 1165 1576 stultam
1185 1545 1425 1578 senectutem.

241 1593 278 1631 5.
309 1593 494 1638 Quocirca
523 1592 551 1628 si
580 1592 798 1642 sapientiam
822 1603 942 1629 meam
972 1592 1139 1630 admirari
1167 1593 1300 1639 soletis,
1330 1592 1430 1644 (quae

248 1647 387 1684 utinam
404 1646 509 1695 digna
527 1651 621 1683 esset
640 1646 809 1695 opinione
824 1648 944 1682 vestra
960 1651 1152 1696 nostroque
1168 1647 1383 1695 cognomine
1397 1646 1427 1697 i)

247 1702 281 1737 in
304 1699 375 1736 hoc
395 1712 523 1736 sumus
543 1700 736 1748 sapientes,
758 1699 855 1747 quod
876 1705 1040 1737 naturam
1071 1700 1249 1749 optimam
1279 1699 1426 1747 ducem,

245 1760 420 1803 tanquam
449 1751 586 1798 Deum,
614 1753 812 1802 sequimur,
839 1753 946 1802 eique
973 1765 1169 1801 paremus:
1198 1765 1219 1789 a
1249 1765 1334 1801 qua,
1354 1766 1428 1790 non

247 1807 441 1846 verisimile
460 1813 526 1852 est,
547 1819 657 1854 quum
676 1813 804 1844 ceterae
832 1812 951 1856 partes
979 1807 1091 1844 aetatis
1118 1807 1212 1844 bene
1239 1806 1429 1856 descriptas

248 1863 331 1907 sint,
359 1866 565 1897 extremum
596 1867 734 1906 actum,
763 1868 938 1910 tanquam
976 1859 1022 1895 ab
1058 1861 1161 1897 inerti
1199 1866 1317 1909 poeta,
1347 1872 1428 1897 esse

244 1916 464 1964 neglectum.
523 1913 593 1950 Sed
623 1921 744 1951 tamen
776 1925 927 1951 necesse
955 1912 1021 1950 fuit
1047 1925 1128 1950 esse
1153 1913 1288 1963 aliquid
1307 1920 1430 1951 extre-

247 1981 364 2014 mum,
382 1974 430 2014 et,
452 1974 624 2016 tanquam
654 1969 688 2003 in
718 1967 888 2004 arborum
917 1966 1041 2004 baccis
1068 1974 1239 2017 terraeque
1259 1967 1430 2017 frugibus,

249 2022 454 2059 maturitate
483 2022 698 2070 tempestiva
724 2021 826 2072 quasi
854 2021 992 2058 vietum
1020 2026 1056 2057 et
1084 2020 1295 2060 caducum:
1333 2022 1428 2070 quod

248 2074 438 2112 serendum
465 2080 520 2111 est
551 2075 701 2111 molliter
728 2075 893 2123 sapienti.
969 2074 1069 2119 Quid
1106 2075 1203 2111 enim
1233 2080 1288 2112 est
1316 2075 1428 2121 aliud,

248 2129 445 2178 Gigantum
468 2127 575 2164 modo
593 2128 724 2164 bellare
745 2140 832 2165 cum
849 2127 941 2174 Diis,
959 2127 1024 2165 nisi
1047 2133 1183 2166 naturae
1201 2129 1428 2179 repugnare?

249 2182 285 2220 6.
317 2181 490 2220 Lfflmus.
548 2180 673 2230 Atqui,
695 2181 800 2227 Cato,
831 2182 1073 2229 gratissimum
1103 2182 1220 2230 nobis,
1249 2189 1288 2219 ut
1314 2182 1426 2220 etiam

247 2247 312 2286 pro
351 2235 522 2285 Scipione
558 2235 740 2284 pollicear,
770 2234 910 2279 seceris,
939 2235 981 2281 si,
1010 2235 1183 2285 quoniam
1223 2247 1428 2285 speramus,

249 2289 419 2326 volumus
448 2286 595 2336 quidem
624 2294 733 2335 certe,
759 2300 865 2326 senes
895 2289 983 2335 fieri,
1004 2295 1087 2326 ante
1107 2290 1222 2326 multo
1241 2301 1263 2325 a
1281 2296 1316 2326 te
1334 2289 1428 2337 didi-¹

250 2343 421 2389 cerimus,
440 2342 570 2391 quibus
589 2340 760 2379 facillime
780 2342 976 2380 rationibus
1004 2342 1313 2391 ingravescentem
1341 2349 1427 2381 aeta-

245 2401 320 2437 tem
335 2396 425 2435 serre
440 2395 635 2448 possimus.
693 2394 822 2437 CATO.
853 2395 1006 2435 Faciam
1026 2408 1127 2444 vero,
1142 2396 1250 2446 Laeli3
1279 2408 1426 2449 praesen-
