1496 2671
199 112 250 150 26
504 123 602 150 οΑΤο
621 122 752 149 MAJOR
769 122 821 148 nn
842 121 1078 150 sannorum.

199 221 253 258 ita
271 220 469 266 accideret,
497 219 630 257 melius
649 223 687 256 et
705 219 929 270 prudentius
948 219 1152 256 viveretur.
1190 218 1302 256 Mens
1320 231 1387 256 en-

199 275 251 311 im
283 279 322 312 et
357 274 455 311 ratio
483 280 521 312 et
557 273 754 310 eonsilium
782 273 821 310 in
849 273 1000 310 senibus
1029 277 1110 310 est:
1141 272 1205 321 qui
1222 271 1254 310 si
1289 272 1387 310 nulli

199 327 369 370 fuissent,
390 327 505 364 nullae
534 327 688 364 omnino
715 327 884 364 civitates
912 330 1047 364 essent.
1103 326 1178 364 Sed
1205 325 1321 363 redeo
1339 326 1390 364 ad

199 387 359 419 mortem
377 381 673 430 impendentem.
731 381 846 426 Quod
863 381 959 417 illud
974 384 1031 418 est
1049 379 1190 417 crimen
1208 385 1382 418 senectu-

203 435 263 480 tis,
293 447 409 484 quum
441 433 573 485 [illud]
601 434 760 472 videatis
787 447 873 471 cum
901 433 1154 471 adolescentia
1180 445 1260 471 esse
1287 445 1389 470 com-

202 501 316 525 mune
334 488 354 526 P
409 487 472 525 68.
505 488 611 525 Sensi
631 501 702 537 ego
721 501 838 538 quum
856 488 896 524 in
925 487 1069 536 optimo
1087 486 1165 524 filio
1192 499 1289 533 meo,
1308 492 1391 524 tum

201 542 242 578 in
261 542 487 592 exspectatis
506 542 554 579 ad
574 543 836 592 amplissimam
855 541 1081 590 dignitatem
1100 541 1280 579 fratribus
1298 541 1387 585 tuis,

202 595 338 645 Scipio,
359 596 461 632 omni
481 596 585 634 aetati
603 601 761 633 mortem
781 607 860 632 esse
879 606 1127 633 communem.
1184 594 1238 632 At
1265 599 1390 644 sperat

200 650 428 695 adolescens,
450 649 515 686 diu
543 662 583 687 se
611 650 819 687 victurum:
851 648 954 697 quod
981 660 1131 697 sperare
1157 648 1258 685 idem
1276 651 1390 685 senex

199 716 278 740 non
306 708 445 753 potest.
502 702 728 753 Insipienter
765 708 902 751 sperat.
961 701 1065 747 Quid
1096 701 1196 739 enim
1224 701 1387 746 stultius,

199 770 311 806 quam
329 758 474 795 incerta
493 770 561 806 pro
575 757 687 794 certis
702 756 853 801 habere,
873 755 967 793 falsa
986 767 1056 805 pro
1075 755 1174 792 veris
1191 754 1212 793 Ρ
1251 754 1388 800 Senex,

148 838 156 845 .
202 823 250 848 ne
269 811 372 860 quod
391 818 515 860 speret
533 811 694 859 quidem,
715 810 828 847 habet
848 823 856 847 ε
888 815 927 847 at
946 815 1003 847 est
1022 821 1066 846 eo
1085 809 1241 846 meliore
1259 809 1391 846 condi-

202 865 316 909 tione,
339 877 450 913 quam
479 865 706 907 adolescens,
737 876 853 913 quum
872 863 924 910 id,
952 863 1056 912 quod
1075 863 1139 900 ille
1166 869 1303 913 sperat,
1331 862 1393 899 hic

201 918 280 966 jam
301 924 524 955 consecutus
544 924 611 956 est.
670 917 739 953 llle
758 917 840 955 vult
859 917 926 954 diu
943 918 1092 954 vivere:
1120 916 1182 954 hic
1200 916 1268 953 diu
1285 915 1392 953 vixit.

205 971 267 1009 69.
327 971 565 1020 Quanquam,
587 984 609 1008 o
639 971 705 1007 Dii
725 971 815 1008 boni
835 971 844 1008 1
874 970 966 1020 quid
994 975 1051 1008 est
1078 970 1118 1007 in
1135 969 1298 1007 hominis
1315 969 1396 1007 vita

201 1025 266 1062 diu
282 1025 301 1062 ἱ)
358 1025 420 1062 Da
439 1026 537 1062 enim
567 1037 782 1074 supremum
801 1029 950 1073 tempus
971 1037 980 1068 ;
1009 1029 1269 1074 exspectemus
1297 1023 1394 1060 Tar-

204 1080 402 1116 tessiorum
423 1079 542 1128 Regis
562 1084 712 1117 aetatem
735 1092 743 1115 :
773 1078 845 1116 fuit
864 1078 976 1124 enim,
997 1083 1042 1116 ut
1059 1078 1242 1128 scriptum
1269 1076 1392 1122 video,

204 1133 492 1181 Arganthonius
521 1133 674 1182 quidam
705 1132 890 1177 Gadibus,
912 1132 976 1181 qui
997 1132 1192 1181 octoginta
1218 1130 1394 1180 regnavit

205 1199 334 1231 annos,
356 1192 508 1224 eentum
530 1192 568 1224 et
587 1186 724 1235 viginti
742 1186 837 1223 vixit
858 1199 866 1223 z
897 1185 963 1222 sed
980 1185 1073 1222 mihi
1093 1198 1142 1222 ne
1171 1185 1395 1222 diuturnum

204 1240 355 1289 quidem
376 1241 580 1289 quidquam
599 1236 819 1284 videtur‚⁷in
839 1251 914 1288 quo
933 1244 990 1277 est
1009 1239 1150 1287 aliquid
1169 1242 1394 1276 extremum.

206 1294 333 1339 Quum
354 1295 453 1331 enim
472 1294 512 1330 id
530 1294 694 1338 advenit,
708 1298 800 1331 tunc
814 1293 920 1338 illud,
937 1293 1037 1341 quod
1052 1292 1247 1342 praeteriit,
1263 1291 1395 1328 efflux-

206 1347 236 1385 it
257 1361 265 1385 :
297 1352 446 1385 tantum
466 1352 647 1392 remanet,
670 1347 772 1396 quod
791 1347 934 1384 virtute
953 1353 992 1383 et
1009 1350 1112 1384 recte
1131 1345 1240 1384 factis
1262 1356 1392 1382 conse-

205 1407 315 1438 cutus
335 1401 394 1438 sis.
454 1401 572 1437 Horae
602 1401 756 1449 quidem
785 1400 926 1437 cedunt
955 1404 993 1437 et
1020 1400 1100 1437 dies
1119 1404 1158 1437 et
1183 1410 1330 1436 menses
1358 1403 1396 1436 et

205 1455 292 1492 anni
314 1468 322 1492 :
352 1467 422 1491 nec
447 1455 682 1504 praeteritum
707 1459 854 1503 tempus
883 1466 1050 1502 unquam
1067 1453 1283 1498 revertitur,
1311 1463 1393 1495 nec,

204 1508 295 1556 quid
314 1515 504 1556 sequatur,
535 1508 622 1545 sciri
650 1513 790 1557 potest.
849 1507 966 1552 Quod
985 1507 1120 1555 cuique
1147 1506 1327 1557 temporis
1345 1505 1394 1542 ad

209 1562 411 1598 vivendum
432 1562 557 1607 datur,
588 1574 633 1598 eo
653 1562 766 1599 debet
795 1574 875 1598 esse
894 1566 1110 1598 contentus.
1166 1560 1230 1600 70.
1260 1560 1395 1608 Neque

207 1616 307 1652 enim
326 1615 512 1660 histrioni,
534 1621 578 1653 ut
597 1615 755 1664 placeat,
777 1614 992 1664 peragenda
1011 1619 1069 1653 est
1086 1614 1236 1658 fabula3
1265 1613 1395 1657 modo,

207 1670 244 1705 in
266 1681 489 1717 quocunque
508 1669 633 1714 fuerit,
656 1676 753 1713 actu,
773 1669 955 1717 probetur
975 1681 983 1712 ;
1013 1680 1084 1705 nec
1102 1667 1263 1717 sapienti
1280 1678 1397 1715 usque

207 1722 252 1760 ad
271 1723 452 1760 Plaudite
467 1723 683 1760 vivendum.
740 1722 861 1759 Breve
880 1722 979 1758 enim
998 1727 1146 1771 tempus
1166 1720 1288 1760 aetatis
1307 1720 1397 1758 satis

205 1782 261 1814 est
273 1777 429 1826 longum
445 1776 494 1813 ad
508 1777 604 1814 bene
618 1776 847 1824 honesteque
862 1775 1076 1812 vivendum.
1094 1775 1161 1812 Sin
1172 1773 1396 1824 processeris

209 1831 371 1880 longius,
392 1843 469 1868 non
488 1830 608 1879 magis
627 1830 833 1867 dolendum
848 1836 916 1874 est,
937 1842 1049 1878 quam
1063 1828 1237 1878 agricolae
1253 1828 1398 1872 dolent,

206 1885 401 1933 praeterita
419 1884 525 1921 verni
539 1884 719 1933 temporis
737 1884 933 1928 suavitate,
951 1887 1120 1920 aestatem
1132 1887 1395 1920 auctumnum-

210 1951 282 1986 que
301 1938 458 1975 venisse.
517 1938 594 1975 Ver
621 1937 720 1975 enim
739 1942 916 1985 tanquam
936 1936 1227 1974 adolescentiam
1254 1935 1396 1984 signifi-

210 1999 282 2037 cat,
304 1992 545 2041 ostenditque
562 1991 707 2029 fructus
725 1991 872 2028 futuros
890 2003 899 2027 ε
920 1990 1062 2037 reliqua
1080 1994 1251 2039 tempora
1269 1989 1395 2026 deme-

210 2046 334 2082 tendis
353 2046 537 2083 fructibus
557 2050 595 2083 et
613 2044 862 2094 percipiendis
881 2043 1162 2081 accommodata
1180 2048 1281 2081 sunt.
1329 2042 1396 2081 71.

214 2098 372 2136 Fructus
392 2104 517 2136 autem
537 2099 739 2136 senectutis
759 2103 826 2143 est,
845 2103 886 2135 ut
905 2109 1003 2146 saepe
1022 2097 1113 2142 dixi,
1135 2101 1223 2135 ante
1250 2101 1397 2146 partor-

209 2165 274 2189 um
292 2153 476 2189 bonorum
506 2152 684 2190 memoria
702 2157 740 2189 et
766 2151 884 2200 copia.
943 2150 1082 2188 Omnia
1109 2163 1208 2195 vero,
1238 2162 1320 2198 quae
1340 2163 1396 2187 se-

213 2206 379 2243 cundum
406 2211 581 2244 naturam
610 2206 719 2250 fiunt,
740 2211 829 2243 sunt
847 2205 1021 2242 habenda
1048 2205 1087 2241 in
1114 2205 1234 2242 bonis.
1293 2203 1397 2250 Quid

213 2266 270 2297 est
289 2264 414 2297 autem
434 2265 512 2297 tam
527 2259 733 2297 secundum
752 2264 938 2304 naturam,
954 2270 1064 2307 quam
1083 2258 1234 2296 senibus
1249 2258 1364 2295 emori
1376 2257 1396 2293 ¹?

214 2314 330 2358 Quod
361 2313 460 2350 idem
479 2313 667 2362 contingit
685 2312 1000 2357 adolescentibus,
1029 2312 1254 2350 adversante
1279 2316 1319 2350 et
1335 2323 1395 2347 re-

214 2372 409 2417 pugnante
435 2368 586 2405 natura.
660 2364 793 2415 Itaque
822 2366 1078 2404 adolescentes
1104 2366 1199 2403 mori
1227 2365 1279 2403 sic
1305 2364 1395 2402 mihi
