<?xml version="1.0" encoding="UTF-8"?>
<!DOCTYPE html PUBLIC "-//W3C//DTD XHTML 1.0 Transitional//EN"
    "http://www.w3.org/TR/xhtml1/DTD/xhtml1-transitional.dtd">
<html xmlns="http://www.w3.org/1999/xhtml" xml:lang="en" lang="en">
 <head>
  <title>
</title>
<meta http-equiv="Content-Type" content="text/html;charset=utf-8" />
  <meta name='ocr-system' content='tesseract 3.04.00' />
  <meta name='ocr-capabilities' content='ocr_page ocr_carea ocr_par ocr_line ocrx_word'/>
</head>
<body>
  <div class='ocr_page' id='page_1' title='image "./curriculumlatinu01mont_0194.png"; bbox 0 0 1496 2671; ppageno 0'>
   <div class='ocr_carea' id='block_1_1' title="bbox 172 199 1029 241">
    <p class='ocr_par' dir='ltr' id='par_1_1' title="bbox 172 199 1029 241">
     <span class='ocr_line' id='line_1_1' title="bbox 172 199 1029 241; baseline 0.004 -4"><span class='ocrx_word' id='word_1_1' title='bbox 172 201 225 238; x_wconf 76' lang='lat'>44</span> <span class='ocrx_word' id='word_1_2' title='bbox 511 199 556 238; x_wconf 89' lang='lat' dir='ltr'>C.</span> <span class='ocrx_word' id='word_1_3' title='bbox 586 201 740 240; x_wconf 77' lang='lat' dir='ltr'>JULII</span> <span class='ocrx_word' id='word_1_4' title='bbox 770 201 1029 241; x_wconf 75' lang='lat' dir='ltr'>CAESARIS</span> 
     </span>
    </p>
   </div>
   <div class='ocr_carea' id='block_1_2' title="bbox 150 305 1366 2499">
    <p class='ocr_par' dir='ltr' id='par_1_2' title="bbox 165 305 1366 625">
     <span class='ocr_line' id='line_1_2' title="bbox 169 305 1366 361; baseline 0.004 -16"><span class='ocrx_word' id='word_1_5' title='bbox 169 308 325 357; x_wconf 83' lang='lat' dir='ltr'>egregie</span> <span class='ocrx_word' id='word_1_6' title='bbox 344 305 484 345; x_wconf 82' lang='lat' dir='ltr'>natura</span> <span class='ocrx_word' id='word_1_7' title='bbox 503 308 695 346; x_wconf 89' lang='lat' dir='ltr'>munitum</span> <span class='ocrx_word' id='word_1_8' title='bbox 715 311 976 348; x_wconf 78' lang='lat' dir='ltr'>contulelunt.</span> <span class='ocrx_word' id='word_1_9' title='bbox 1035 309 1147 357; x_wconf 82' lang='lat' dir='ltr'>Quod</span> <span class='ocrx_word' id='word_1_10' title='bbox 1176 325 1295 361; x_wconf 88' lang='lat' dir='ltr'>quum</span> <span class='ocrx_word' id='word_1_11' title='bbox 1315 325 1366 350; x_wconf 81' lang='lat' dir='ltr'>ex</span> 
     </span>
     <span class='ocr_line' id='line_1_3' title="bbox 168 361 1366 415; baseline 0.003 -16"><span class='ocrx_word' id='word_1_12' title='bbox 168 361 370 399; x_wconf 90' lang='lat' dir='ltr'>omnibus</span> <span class='ocrx_word' id='word_1_13' title='bbox 358 374 398 398; x_wconf 89' lang='lat' dir='ltr'>1n</span> <span class='ocrx_word' id='word_1_14' title='bbox 416 361 582 399; x_wconf 90' lang='lat' dir='ltr'>circuitu</span> <span class='ocrx_word' id='word_1_15' title='bbox 598 363 770 410; x_wconf 88' lang='lat' dir='ltr'>partibus</span> <span class='ocrx_word' id='word_1_16' title='bbox 786 364 991 402; x_wconf 84' lang='lat' dir='ltr'>altissimas</span> <span class='ocrx_word' id='word_1_17' title='bbox 1009 377 1124 414; x_wconf 86' lang='lat' dir='ltr'>rupes</span> <span class='ocrx_word' id='word_1_18' title='bbox 1145 366 1366 415; x_wconf 85' lang='lat' dir='ltr'>despectus-</span> 
     </span>
     <span class='ocr_line' id='line_1_4' title="bbox 167 415 1365 465; baseline 0.004 -14"><span class='ocrx_word' id='word_1_19' title='bbox 167 428 243 464; x_wconf 88' lang='lat' dir='ltr'>que</span> <span class='ocrx_word' id='word_1_20' title='bbox 261 415 435 460; x_wconf 85' lang='lat' dir='ltr'>haberet,</span> <span class='ocrx_word' id='word_1_21' title='bbox 456 428 534 452; x_wconf 76' lang='lat' dir='ltr'>una</span> <span class='ocrx_word' id='word_1_22' title='bbox 553 428 604 452; x_wconf 80' lang='lat' dir='ltr'>ex</span> <span class='ocrx_word' id='word_1_23' title='bbox 621 422 731 465; x_wconf 86' lang='lat' dir='ltr'>parte</span> <span class='ocrx_word' id='word_1_24' title='bbox 749 417 890 454; x_wconf 87' lang='lat' dir='ltr'>leniter</span> <span class='ocrx_word' id='word_1_25' title='bbox 909 418 1065 455; x_wconf 83' lang='lat' dir='ltr'>acclivis</span> <span class='ocrx_word' id='word_1_26' title='bbox 1085 418 1223 462; x_wconf 91' lang='lat' dir='ltr'>aditus,</span> <span class='ocrx_word' id='word_1_27' title='bbox 1248 420 1288 456; x_wconf 88' lang='lat' dir='ltr'>in</span> <span class='ocrx_word' id='word_1_28' title='bbox 1308 420 1365 457; x_wconf 89' lang='lat' dir='ltr'>la-</span> 
     </span>
     <span class='ocr_line' id='line_1_5' title="bbox 166 469 1365 526; baseline 0.005 -21"><span class='ocrx_word' id='word_1_29' title='bbox 166 469 374 506; x_wconf 80' lang='lat' dir='ltr'>titudinem</span> <span class='ocrx_word' id='word_1_30' title='bbox 387 481 463 505; x_wconf 90' lang='lat' dir='ltr'>non</span> <span class='ocrx_word' id='word_1_31' title='bbox 479 469 643 518; x_wconf 87' lang='lat' dir='ltr'>amplius</span> <span class='ocrx_word' id='word_1_32' title='bbox 659 469 726 508; x_wconf 87' lang='lat' dir='ltr'>CC</span> <span class='ocrx_word' id='word_1_33' title='bbox 746 471 896 519; x_wconf 88' lang='lat' dir='ltr'>pedum,</span> <span class='ocrx_word' id='word_1_34' title='bbox 913 471 1233 526; x_wconf 88' lang='lat' dir='ltr'>relinquebatur·</span> <span class='ocrx_word' id='word_1_35' title='bbox 1223 500 1234 517; x_wconf 90' lang='lat'>,</span> <span class='ocrx_word' id='word_1_36' title='bbox 1249 485 1365 522; x_wconf 87' lang='lat' dir='ltr'>quem</span> 
     </span>
     <span class='ocr_line' id='line_1_6' title="bbox 165 522 1364 575; baseline 0.003 -16"><span class='ocrx_word' id='word_1_37' title='bbox 165 522 293 559; x_wconf 88' lang='lat' dir='ltr'>locum</span> <span class='ocrx_word' id='word_1_38' title='bbox 319 522 465 571; x_wconf 83' lang='lat' dir='ltr'>duplici</span> <span class='ocrx_word' id='word_1_39' title='bbox 493 522 679 561; x_wconf 82' lang='lat' dir='ltr'>altissimo</span> <span class='ocrx_word' id='word_1_40' title='bbox 707 537 818 561; x_wconf 90' lang='lat' dir='ltr'>muro</span> <span class='ocrx_word' id='word_1_41' title='bbox 846 524 1097 562; x_wconf 85' lang='lat' dir='ltr'>munierant:</span> <span class='ocrx_word' id='word_1_42' title='bbox 1117 532 1200 563; x_wconf 91' lang='lat' dir='ltr'>tum</span> <span class='ocrx_word' id='word_1_43' title='bbox 1233 527 1364 575; x_wconf 85' lang='lat' dir='ltr'>magni</span> 
     </span>
     <span class='ocr_line' id='line_1_7' title="bbox 165 576 1364 625; baseline 0.003 -13"><span class='ocrx_word' id='word_1_44' title='bbox 165 576 348 623; x_wconf 85' lang='lat' dir='ltr'>ponderis</span> <span class='ocrx_word' id='word_1_45' title='bbox 367 588 463 613; x_wconf 81' lang='lat' dir='ltr'>saxa</span> <span class='ocrx_word' id='word_1_46' title='bbox 482 582 519 613; x_wconf 86' lang='lat' dir='ltr'>et</span> <span class='ocrx_word' id='word_1_47' title='bbox 539 584 750 625; x_wconf 84' lang='lat' dir='ltr'>praeacutas</span> <span class='ocrx_word' id='word_1_48' title='bbox 771 578 929 614; x_wconf 83' lang='lat' dir='ltr'>trabes</span> <span class='ocrx_word' id='word_1_49' title='bbox 918 591 959 614; x_wconf 90' lang='lat' dir='ltr'>1n</span> <span class='ocrx_word' id='word_1_50' title='bbox 978 591 1089 616; x_wconf 88' lang='lat' dir='ltr'>muro</span> <span class='ocrx_word' id='word_1_51' title='bbox 1117 580 1280 618; x_wconf 87' lang='lat' dir='ltr'>colloca1</span> <span class='ocrx_word' id='word_1_52' title='bbox 1281 587 1364 617; x_wconf 85' lang='lat' dir='ltr'>ant</span> 
     </span>
    </p>

    <p class='ocr_par' dir='ltr' id='par_1_3' title="bbox 161 628 1364 1107">
     <span class='ocr_line' id='line_1_8' title="bbox 165 628 1364 682; baseline 0.005 -17"><span class='ocrx_word' id='word_1_53' title='bbox 165 629 248 678; x_wconf 88' lang='lat' dir='ltr'>Ipsi</span> <span class='ocrx_word' id='word_1_54' title='bbox 269 635 380 667; x_wconf 84' lang='lat' dir='ltr'>erant</span> <span class='ocrx_word' id='word_1_55' title='bbox 399 642 449 667; x_wconf 78' lang='lat' dir='ltr'>ex</span> <span class='ocrx_word' id='word_1_56' title='bbox 470 628 639 668; x_wconf 85' lang='lat' dir='ltr'>Cimbris</span> <span class='ocrx_word' id='word_1_57' title='bbox 660 631 926 680; x_wconf 84' lang='lat' dir='ltr'>Teutonisque</span> <span class='ocrx_word' id='word_1_58' title='bbox 939 632 1119 680; x_wconf 86' lang='lat' dir='ltr'>prognati</span> <span class='ocrx_word' id='word_1_59' title='bbox 1139 634 1229 681; x_wconf 90' lang='lat' dir='ltr'>;qui</span> <span class='ocrx_word' id='word_1_60' title='bbox 1244 646 1364 682; x_wconf 90' lang='lat' dir='ltr'>quum</span> 
     </span>
     <span class='ocr_line' id='line_1_9' title="bbox 164 683 1361 733; baseline 0.005 -15"><span class='ocrx_word' id='word_1_61' title='bbox 164 683 240 720; x_wconf 90' lang='lat' dir='ltr'>iter</span> <span class='ocrx_word' id='word_1_62' title='bbox 258 683 301 720; x_wconf 89' lang='lat' dir='ltr'>in</span> <span class='ocrx_word' id='word_1_63' title='bbox 319 683 561 732; x_wconf 85' lang='lat' dir='ltr'>provinciam</span> <span class='ocrx_word' id='word_1_64' title='bbox 581 690 750 721; x_wconf 86' lang='lat' dir='ltr'>nostram</span> <span class='ocrx_word' id='word_1_65' title='bbox 771 691 887 733; x_wconf 86' lang='lat' dir='ltr'>atque</span> <span class='ocrx_word' id='word_1_66' title='bbox 916 685 1072 722; x_wconf 80' lang='lat' dir='ltr'>Italiam</span> <span class='ocrx_word' id='word_1_67' title='bbox 1098 685 1282 732; x_wconf 88' lang='lat' dir='ltr'>facerent,</span> <span class='ocrx_word' id='word_1_68' title='bbox 1310 687 1361 724; x_wconf 86' lang='lat' dir='ltr'>iis</span> 
     </span>
     <span class='ocr_line' id='line_1_10' title="bbox 163 736 1362 798; baseline 0.005 -26"><span class='ocrx_word' id='word_1_69' title='bbox 163 736 462 798; x_wconf 85' lang='lat' dir='ltr'>impedimentis,</span> <span class='ocrx_word' id='word_1_70' title='bbox 477 750 561 785; x_wconf 90' lang='lat' dir='ltr'>quae</span> <span class='ocrx_word' id='word_1_71' title='bbox 581 749 712 775; x_wconf 84' lang='lat' dir='ltr'>secum</span> <span class='ocrx_word' id='word_1_72' title='bbox 726 750 841 784; x_wconf 83' lang='lat' dir='ltr'>agere</span> <span class='ocrx_word' id='word_1_73' title='bbox 853 750 897 775; x_wconf 85' lang='lat' dir='ltr'>ac</span> <span class='ocrx_word' id='word_1_74' title='bbox 916 744 1070 786; x_wconf 87' lang='lat' dir='ltr'>portare</span> <span class='ocrx_word' id='word_1_75' title='bbox 1082 751 1158 776; x_wconf 91' lang='lat' dir='ltr'>non</span> <span class='ocrx_word' id='word_1_76' title='bbox 1173 743 1362 792; x_wconf 81' lang='lat' dir='ltr'>poterant,</span> 
     </span>
     <span class='ocr_line' id='line_1_11' title="bbox 164 790 1364 840; baseline 0.004 -14"><span class='ocrx_word' id='word_1_77' title='bbox 164 790 263 827; x_wconf 82' lang='lat' dir='ltr'>citra</span> <span class='ocrx_word' id='word_1_78' title='bbox 290 790 435 828; x_wconf 83' lang='lat' dir='ltr'>flumen</span> <span class='ocrx_word' id='word_1_79' title='bbox 465 791 646 827; x_wconf 85' lang='lat' dir='ltr'>Rhenum</span> <span class='ocrx_word' id='word_1_80' title='bbox 674 791 870 840; x_wconf 86' lang='lat' dir='ltr'>depositis,</span> <span class='ocrx_word' id='word_1_81' title='bbox 908 792 1092 829; x_wconf 87' lang='lat' dir='ltr'>custodiae</span> <span class='ocrx_word' id='word_1_82' title='bbox 1125 804 1174 829; x_wconf 84' lang='lat' dir='ltr'>ex</span> <span class='ocrx_word' id='word_1_83' title='bbox 1207 793 1288 832; x_wconf 86' lang='lat' dir='ltr'>suis</span> <span class='ocrx_word' id='word_1_84' title='bbox 1319 806 1364 831; x_wconf 91' lang='lat' dir='ltr'>ac</span> 
     </span>
     <span class='ocr_line' id='line_1_12' title="bbox 164 844 1364 896; baseline 0.004 -16"><span class='ocrx_word' id='word_1_85' title='bbox 164 844 343 893; x_wconf 80' lang='lat' dir='ltr'>praesidio</span> <span class='ocrx_word' id='word_1_86' title='bbox 363 856 434 882; x_wconf 84' lang='lat' dir='ltr'>sex</span> <span class='ocrx_word' id='word_1_87' title='bbox 452 844 575 881; x_wconf 82' lang='lat' dir='ltr'>millia</span> <span class='ocrx_word' id='word_1_88' title='bbox 585 845 787 881; x_wconf 88' lang='lat' dir='ltr'>hominum</span> <span class='ocrx_word' id='word_1_89' title='bbox 803 857 879 881; x_wconf 86' lang='lat' dir='ltr'>una</span> <span class='ocrx_word' id='word_1_90' title='bbox 893 844 1146 893; x_wconf 83' lang='lat' dir='ltr'>reliquerunt.</span> <span class='ocrx_word' id='word_1_91' title='bbox 1204 844 1260 883; x_wconf 85' lang='lat' dir='ltr'>Hi</span> <span class='ocrx_word' id='word_1_92' title='bbox 1276 853 1364 896; x_wconf 83' lang='lat' dir='ltr'>post</span> 
     </span>
     <span class='ocr_line' id='line_1_13' title="bbox 163 897 1364 948; baseline 0.002 -14"><span class='ocrx_word' id='word_1_93' title='bbox 163 909 298 934; x_wconf 89' lang='lat' dir='ltr'>eorum</span> <span class='ocrx_word' id='word_1_94' title='bbox 317 898 467 934; x_wconf 90' lang='lat' dir='ltr'>obitum</span> <span class='ocrx_word' id='word_1_95' title='bbox 486 897 627 935; x_wconf 80' lang='lat' dir='ltr'>multos</span> <span class='ocrx_word' id='word_1_96' title='bbox 647 910 767 935; x_wconf 83' lang='lat' dir='ltr'>annos</span> <span class='ocrx_word' id='word_1_97' title='bbox 787 910 808 935; x_wconf 84' lang='lat' dir='ltr'>a</span> <span class='ocrx_word' id='word_1_98' title='bbox 828 898 1005 935; x_wconf 88' lang='lat' dir='ltr'>finitimis</span> <span class='ocrx_word' id='word_1_99' title='bbox 1024 899 1225 948; x_wconf 81' lang='lat' dir='ltr'>exagitati,</span> <span class='ocrx_word' id='word_1_100' title='bbox 1243 912 1364 948; x_wconf 90' lang='lat' dir='ltr'>quum</span> 
     </span>
     <span class='ocr_line' id='line_1_14' title="bbox 163 949 1363 998; baseline 0.003 -11"><span class='ocrx_word' id='word_1_101' title='bbox 163 951 259 988; x_wconf 82' lang='lat' dir='ltr'>alias</span> <span class='ocrx_word' id='word_1_102' title='bbox 277 951 423 988; x_wconf 89' lang='lat' dir='ltr'>bellum</span> <span class='ocrx_word' id='word_1_103' title='bbox 442 949 644 996; x_wconf 76' lang='lat' dir='ltr'>inferrent,</span> <span class='ocrx_word' id='word_1_104' title='bbox 675 951 768 988; x_wconf 82' lang='lat' dir='ltr'>alias</span> <span class='ocrx_word' id='word_1_105' title='bbox 796 951 948 989; x_wconf 87' lang='lat' dir='ltr'>illatum</span> <span class='ocrx_word' id='word_1_106' title='bbox 977 951 1241 998; x_wconf 85' lang='lat' dir='ltr'>defenderent,</span> <span class='ocrx_word' id='word_1_107' title='bbox 1271 965 1363 990; x_wconf 90' lang='lat' dir='ltr'>con-</span> 
     </span>
     <span class='ocr_line' id='line_1_15' title="bbox 164 1004 1364 1054; baseline 0.003 -14"><span class='ocrx_word' id='word_1_108' title='bbox 164 1016 278 1042; x_wconf 84' lang='lat' dir='ltr'>sensu</span> <span class='ocrx_word' id='word_1_109' title='bbox 315 1017 448 1041; x_wconf 90' lang='lat' dir='ltr'>eorum</span> <span class='ocrx_word' id='word_1_110' title='bbox 469 1004 640 1041; x_wconf 88' lang='lat' dir='ltr'>omnium</span> <span class='ocrx_word' id='word_1_111' title='bbox 659 1016 754 1054; x_wconf 86' lang='lat' dir='ltr'>pace</span> <span class='ocrx_word' id='word_1_112' title='bbox 782 1004 896 1050; x_wconf 72' lang='lat' dir='ltr'>facta,</span> <span class='ocrx_word' id='word_1_113' title='bbox 925 1006 1029 1043; x_wconf 89' lang='lat' dir='ltr'>hunc</span> <span class='ocrx_word' id='word_1_114' title='bbox 1061 1005 1136 1044; x_wconf 80' lang='lat' dir='ltr'>sibi</span> <span class='ocrx_word' id='word_1_115' title='bbox 1169 1006 1364 1045; x_wconf 90' lang='lat' dir='ltr'>domicilio</span> 
     </span>
     <span class='ocr_line' id='line_1_16' title="bbox 161 1057 548 1107; baseline -0.003 -12"><span class='ocrx_word' id='word_1_116' title='bbox 161 1057 290 1095; x_wconf 89' lang='lat' dir='ltr'>locum</span> <span class='ocrx_word' id='word_1_117' title='bbox 309 1058 548 1107; x_wconf 91' lang='lat' dir='ltr'>delegerunt.</span> 
     </span>
    </p>

    <p class='ocr_par' dir='ltr' id='par_1_4' title="bbox 156 1111 1363 1739">
     <span class='ocr_line' id='line_1_17' title="bbox 216 1111 1363 1161; baseline 0.002 -12"><span class='ocrx_word' id='word_1_118' title='bbox 216 1111 363 1149; x_wconf 85' lang='lat' dir='ltr'>XXX.</span> <span class='ocrx_word' id='word_1_119' title='bbox 392 1112 455 1149; x_wconf 91' lang='lat' dir='ltr'>Ac</span> <span class='ocrx_word' id='word_1_120' title='bbox 483 1111 608 1161; x_wconf 91' lang='lat' dir='ltr'>primo</span> <span class='ocrx_word' id='word_1_121' title='bbox 635 1112 805 1149; x_wconf 81' lang='lat' dir='ltr'>adventu</span> <span class='ocrx_word' id='word_1_122' title='bbox 833 1112 1029 1150; x_wconf 70' lang='lat' dir='ltr'>exercitus</span> <span class='ocrx_word' id='word_1_123' title='bbox 1056 1113 1180 1150; x_wconf 84' lang='lat' dir='ltr'>nostri</span> <span class='ocrx_word' id='word_1_124' title='bbox 1206 1114 1363 1151; x_wconf 83' lang='lat' dir='ltr'>crebras</span> 
     </span>
     <span class='ocr_line' id='line_1_18' title="bbox 161 1165 1362 1215; baseline 0.001 -12"><span class='ocrx_word' id='word_1_125' title='bbox 161 1177 213 1203; x_wconf 82' lang='lat' dir='ltr'>ex</span> <span class='ocrx_word' id='word_1_126' title='bbox 230 1165 372 1214; x_wconf 90' lang='lat' dir='ltr'>oppido</span> <span class='ocrx_word' id='word_1_127' title='bbox 386 1165 635 1203; x_wconf 82' lang='lat' dir='ltr'>excursiones</span> <span class='ocrx_word' id='word_1_128' title='bbox 648 1166 842 1204; x_wconf 85' lang='lat' dir='ltr'>faciebant</span> <span class='ocrx_word' id='word_1_129' title='bbox 854 1167 1103 1215; x_wconf 78' lang='lat' dir='ltr'>parvulisque</span> <span class='ocrx_word' id='word_1_130' title='bbox 1114 1166 1258 1215; x_wconf 87' lang='lat' dir='ltr'>proeliis</span> <span class='ocrx_word' id='word_1_131' title='bbox 1273 1179 1362 1204; x_wconf 88' lang='lat' dir='ltr'>cum</span> 
     </span>
     <span class='ocr_line' id='line_1_19' title="bbox 161 1219 1360 1268; baseline 0.002 -13"><span class='ocrx_word' id='word_1_132' title='bbox 161 1219 306 1257; x_wconf 87' lang='lat' dir='ltr'>nostris</span> <span class='ocrx_word' id='word_1_133' title='bbox 325 1219 609 1257; x_wconf 83' lang='lat' dir='ltr'>contendebant</span> <span class='ocrx_word' id='word_1_134' title='bbox 624 1234 633 1263; x_wconf 91' lang='lat'>;</span> <span class='ocrx_word' id='word_1_135' title='bbox 653 1226 786 1268; x_wconf 86' lang='lat' dir='ltr'>postea</span> <span class='ocrx_word' id='word_1_136' title='bbox 803 1220 906 1256; x_wconf 88' lang='lat' dir='ltr'>vallo</span> <span class='ocrx_word' id='word_1_137' title='bbox 925 1220 1066 1268; x_wconf 90' lang='lat' dir='ltr'>pedum</span> <span class='ocrx_word' id='word_1_138' title='bbox 1085 1220 1188 1266; x_wconf 90' lang='lat' dir='ltr'>XII,</span> <span class='ocrx_word' id='word_1_139' title='bbox 1214 1220 1256 1257; x_wconf 91' lang='lat' dir='ltr'>in</span> <span class='ocrx_word' id='word_1_140' title='bbox 1283 1221 1360 1257; x_wconf 89' lang='lat' dir='ltr'>cir-</span> 
     </span>
     <span class='ocr_line' id='line_1_20' title="bbox 161 1271 1357 1321; baseline 0 -12"><span class='ocrx_word' id='word_1_141' title='bbox 161 1273 270 1310; x_wconf 80' lang='lat' dir='ltr'>cuitu</span> <span class='ocrx_word' id='word_1_142' title='bbox 299 1271 396 1310; x_wconf 88' lang='lat' dir='ltr'>XV.</span> <span class='ocrx_word' id='word_1_143' title='bbox 425 1272 602 1316; x_wconf 85' lang='lat' dir='ltr'>millium,</span> <span class='ocrx_word' id='word_1_144' title='bbox 624 1274 846 1321; x_wconf 83' lang='lat' dir='ltr'>crebrisque</span> <span class='ocrx_word' id='word_1_145' title='bbox 870 1273 1037 1311; x_wconf 82' lang='lat' dir='ltr'>castellis</span> <span class='ocrx_word' id='word_1_146' title='bbox 1057 1274 1357 1319; x_wconf 85' lang='lat' dir='ltr'>circummuniti,</span> 
     </span>
     <span class='ocr_line' id='line_1_21' title="bbox 160 1326 1359 1376; baseline 0.001 -13"><span class='ocrx_word' id='word_1_147' title='bbox 160 1326 303 1375; x_wconf 90' lang='lat' dir='ltr'>oppido</span> <span class='ocrx_word' id='word_1_148' title='bbox 323 1338 406 1364; x_wconf 87' lang='lat' dir='ltr'>sese</span> <span class='ocrx_word' id='word_1_149' title='bbox 424 1327 688 1364; x_wconf 83' lang='lat' dir='ltr'>continebant.</span> <span class='ocrx_word' id='word_1_150' title='bbox 744 1327 827 1365; x_wconf 89' lang='lat' dir='ltr'>Ubi</span> <span class='ocrx_word' id='word_1_151' title='bbox 847 1326 972 1364; x_wconf 85' lang='lat' dir='ltr'>vineis</span> <span class='ocrx_word' id='word_1_152' title='bbox 991 1327 1098 1372; x_wconf 85' lang='lat' dir='ltr'>actis,</span> <span class='ocrx_word' id='word_1_153' title='bbox 1119 1339 1261 1376; x_wconf 87' lang='lat' dir='ltr'>aggere</span> <span class='ocrx_word' id='word_1_154' title='bbox 1289 1340 1359 1364; x_wconf 82' lang='lat' dir='ltr'>ex-</span> 
     </span>
     <span class='ocr_line' id='line_1_22' title="bbox 161 1379 1359 1429; baseline 0 -12"><span class='ocrx_word' id='word_1_155' title='bbox 161 1386 322 1426; x_wconf 86' lang='lat' dir='ltr'>structo,</span> <span class='ocrx_word' id='word_1_156' title='bbox 341 1380 481 1417; x_wconf 89' lang='lat' dir='ltr'>turrim</span> <span class='ocrx_word' id='word_1_157' title='bbox 500 1380 636 1429; x_wconf 90' lang='lat' dir='ltr'>procul</span> <span class='ocrx_word' id='word_1_158' title='bbox 655 1380 838 1417; x_wconf 88' lang='lat' dir='ltr'>constitui</span> <span class='ocrx_word' id='word_1_159' title='bbox 858 1380 1052 1426; x_wconf 88' lang='lat' dir='ltr'>viderunt,</span> <span class='ocrx_word' id='word_1_160' title='bbox 1072 1381 1242 1429; x_wconf 85' lang='lat' dir='ltr'>primum</span> <span class='ocrx_word' id='word_1_161' title='bbox 1268 1379 1359 1417; x_wconf 88' lang='lat' dir='ltr'>irri-</span> 
     </span>
     <span class='ocr_line' id='line_1_23' title="bbox 161 1433 1358 1482; baseline 0.002 -12"><span class='ocrx_word' id='word_1_162' title='bbox 161 1433 251 1471; x_wconf 90' lang='lat' dir='ltr'>dere</span> <span class='ocrx_word' id='word_1_163' title='bbox 271 1446 322 1471; x_wconf 79' lang='lat' dir='ltr'>ex</span> <span class='ocrx_word' id='word_1_164' title='bbox 342 1446 451 1471; x_wconf 91' lang='lat' dir='ltr'>muro</span> <span class='ocrx_word' id='word_1_165' title='bbox 471 1439 586 1482; x_wconf 88' lang='lat' dir='ltr'>atque</span> <span class='ocrx_word' id='word_1_166' title='bbox 604 1434 838 1482; x_wconf 84' lang='lat' dir='ltr'>increpitare</span> <span class='ocrx_word' id='word_1_167' title='bbox 857 1433 1028 1479; x_wconf 88' lang='lat' dir='ltr'>vocibus,</span> <span class='ocrx_word' id='word_1_168' title='bbox 1049 1446 1125 1482; x_wconf 93' lang='lat' dir='ltr'>quo</span> <span class='ocrx_word' id='word_1_169' title='bbox 1144 1440 1253 1472; x_wconf 85' lang='lat' dir='ltr'>tanta</span> <span class='ocrx_word' id='word_1_170' title='bbox 1277 1446 1358 1472; x_wconf 84' lang='lat' dir='ltr'>ma-</span> 
     </span>
     <span class='ocr_line' id='line_1_24' title="bbox 159 1486 1357 1535; baseline 0.001 -11"><span class='ocrx_word' id='word_1_171' title='bbox 159 1487 330 1524; x_wconf 85' lang='lat' dir='ltr'>chinatio</span> <span class='ocrx_word' id='word_1_172' title='bbox 349 1488 397 1524; x_wconf 86' lang='lat' dir='ltr'>ab</span> <span class='ocrx_word' id='word_1_173' title='bbox 416 1493 524 1524; x_wconf 84' lang='lat' dir='ltr'>tanto</span> <span class='ocrx_word' id='word_1_174' title='bbox 544 1487 668 1535; x_wconf 83' lang='lat' dir='ltr'>spatio</span> <span class='ocrx_word' id='word_1_175' title='bbox 687 1487 957 1524; x_wconf 79' lang='lat' dir='ltr'>institueretur</span> <span class='ocrx_word' id='word_1_176' title='bbox 974 1486 990 1524; x_wconf 75' lang='grc' dir='ltr'>’ἓ</span> <span class='ocrx_word' id='word_1_177' title='bbox 1015 1487 1248 1535; x_wconf 86' lang='lat' dir='ltr'>quibusnam</span> <span class='ocrx_word' id='word_1_178' title='bbox 1275 1500 1357 1526; x_wconf 86' lang='lat' dir='ltr'>ma-</span> 
     </span>
     <span class='ocr_line' id='line_1_25' title="bbox 158 1540 1358 1589; baseline 0.002 -13"><span class='ocrx_word' id='word_1_179' title='bbox 158 1541 275 1578; x_wconf 90' lang='lat' dir='ltr'>nibus</span> <span class='ocrx_word' id='word_1_180' title='bbox 294 1547 363 1578; x_wconf 85' lang='lat' dir='ltr'>aut</span> <span class='ocrx_word' id='word_1_181' title='bbox 390 1541 531 1589; x_wconf 81' lang='lat' dir='ltr'>quibus</span> <span class='ocrx_word' id='word_1_182' title='bbox 560 1541 724 1585; x_wconf 87' lang='lat' dir='ltr'>viribus,</span> <span class='ocrx_word' id='word_1_183' title='bbox 753 1540 965 1589; x_wconf 83' lang='lat' dir='ltr'>praesertim</span> <span class='ocrx_word' id='word_1_184' title='bbox 995 1541 1171 1578; x_wconf 85' lang='lat' dir='ltr'>homines</span> <span class='ocrx_word' id='word_1_185' title='bbox 1197 1541 1358 1578; x_wconf 84' lang='lat' dir='ltr'>tantulae</span> 
     </span>
     <span class='ocr_line' id='line_1_26' title="bbox 159 1593 1358 1643; baseline 0.001 -13"><span class='ocrx_word' id='word_1_186' title='bbox 159 1600 316 1631; x_wconf 73' lang='lat' dir='ltr'>staturae</span> <span class='ocrx_word' id='word_1_187' title='bbox 337 1594 444 1643; x_wconf 87' lang='lat' dir='ltr'>(nam</span> <span class='ocrx_word' id='word_1_188' title='bbox 464 1594 692 1643; x_wconf 87' lang='lat' dir='ltr'>plerumque</span> <span class='ocrx_word' id='word_1_189' title='bbox 711 1594 932 1631; x_wconf 87' lang='lat' dir='ltr'>hominibus</span> <span class='ocrx_word' id='word_1_190' title='bbox 954 1593 1079 1632; x_wconf 86' lang='lat' dir='ltr'>Gallis</span> <span class='ocrx_word' id='word_1_191' title='bbox 1108 1607 1187 1643; x_wconf 82' lang='lat' dir='ltr'>prae</span> <span class='ocrx_word' id='word_1_192' title='bbox 1205 1595 1358 1643; x_wconf 87' lang='lat' dir='ltr'>magni-</span> 
     </span>
     <span class='ocr_line' id='line_1_27' title="bbox 157 1648 1357 1697; baseline 0.001 -13"><span class='ocrx_word' id='word_1_193' title='bbox 157 1648 293 1685; x_wconf 81' lang='lat' dir='ltr'>tudine</span> <span class='ocrx_word' id='word_1_194' title='bbox 314 1660 519 1697; x_wconf 71' lang='lat' dir='ltr'>corporum</span> <span class='ocrx_word' id='word_1_195' title='bbox 539 1660 697 1685; x_wconf 91' lang='lat' dir='ltr'>suorum</span> <span class='ocrx_word' id='word_1_196' title='bbox 716 1648 888 1685; x_wconf 81' lang='lat' dir='ltr'>brevitas</span> <span class='ocrx_word' id='word_1_197' title='bbox 902 1659 1033 1685; x_wconf 84' lang='lat' dir='ltr'>nostra</span> <span class='ocrx_word' id='word_1_198' title='bbox 1047 1648 1260 1685; x_wconf 88' lang='lat' dir='ltr'>contemtui</span> <span class='ocrx_word' id='word_1_199' title='bbox 1278 1648 1357 1695; x_wconf 85' lang='lat' dir='ltr'>est)</span> 
     </span>
     <span class='ocr_line' id='line_1_28' title="bbox 156 1701 1355 1739; baseline 0.001 -1"><span class='ocrx_word' id='word_1_200' title='bbox 156 1701 256 1739; x_wconf 86' lang='lat' dir='ltr'>tanti</span> <span class='ocrx_word' id='word_1_201' title='bbox 276 1702 405 1738; x_wconf 88' lang='lat' dir='ltr'>oneris</span> <span class='ocrx_word' id='word_1_202' title='bbox 423 1701 565 1738; x_wconf 87' lang='lat' dir='ltr'>turrim</span> <span class='ocrx_word' id='word_1_203' title='bbox 584 1701 625 1737; x_wconf 94' lang='lat' dir='ltr'>in</span> <span class='ocrx_word' id='word_1_204' title='bbox 638 1713 768 1738; x_wconf 90' lang='lat' dir='ltr'>muros</span> <span class='ocrx_word' id='word_1_205' title='bbox 783 1713 865 1738; x_wconf 88' lang='lat' dir='ltr'>sese</span> <span class='ocrx_word' id='word_1_206' title='bbox 877 1701 1064 1738; x_wconf 89' lang='lat' dir='ltr'>collocare</span> <span class='ocrx_word' id='word_1_207' title='bbox 1083 1701 1320 1739; x_wconf 89' lang='lat' dir='ltr'>confiderent</span> <span class='ocrx_word' id='word_1_208' title='bbox 1337 1701 1355 1739; x_wconf 69' lang='grc' dir='ltr'><strong><em>ἓ</em></strong></span> 
     </span>
    </p>

    <p class='ocr_par' dir='ltr' id='par_1_5' title="bbox 150 1754 1355 2499">
     <span class='ocr_line' id='line_1_29' title="bbox 210 1754 1355 1803; baseline 0.001 -12"><span class='ocrx_word' id='word_1_209' title='bbox 210 1754 376 1792; x_wconf 85' lang='lat' dir='ltr'>XXXI.</span> <span class='ocrx_word' id='word_1_210' title='bbox 408 1755 491 1793; x_wconf 88' lang='lat' dir='ltr'>Ubi</span> <span class='ocrx_word' id='word_1_211' title='bbox 511 1767 604 1791; x_wconf 87' lang='lat' dir='ltr'>vero</span> <span class='ocrx_word' id='word_1_212' title='bbox 623 1755 771 1792; x_wconf 87' lang='lat' dir='ltr'>moveri</span> <span class='ocrx_word' id='word_1_213' title='bbox 791 1762 829 1791; x_wconf 88' lang='lat' dir='ltr'>et</span> <span class='ocrx_word' id='word_1_214' title='bbox 841 1755 1151 1803; x_wconf 84' lang='lat' dir='ltr'>appropinquare</span> <span class='ocrx_word' id='word_1_215' title='bbox 1165 1754 1355 1792; x_wconf 78' lang='lat' dir='ltr'>moenibus</span> 
     </span>
     <span class='ocr_line' id='line_1_30' title="bbox 155 1806 1354 1857; baseline -0.001 -12"><span class='ocrx_word' id='word_1_216' title='bbox 155 1808 350 1854; x_wconf 87' lang='lat' dir='ltr'>viderunt,</span> <span class='ocrx_word' id='word_1_217' title='bbox 373 1806 473 1846; x_wconf 62' lang='lat' dir='ltr'>nova</span> <span class='ocrx_word' id='word_1_218' title='bbox 493 1814 608 1857; x_wconf 83' lang='lat' dir='ltr'>atque</span> <span class='ocrx_word' id='word_1_219' title='bbox 626 1806 813 1845; x_wconf 54' lang='lat' dir='ltr'>inusitati}¹</span> <span class='ocrx_word' id='word_1_220' title='bbox 831 1808 958 1857; x_wconf 86' lang='lat' dir='ltr'>specie</span> <span class='ocrx_word' id='word_1_221' title='bbox 987 1807 1177 1852; x_wconf 85' lang='lat' dir='ltr'>commoti,</span> <span class='ocrx_word' id='word_1_222' title='bbox 1206 1808 1354 1857; x_wconf 85' lang='lat' dir='ltr'>legatos</span> 
     </span>
     <span class='ocr_line' id='line_1_31' title="bbox 154 1861 1352 1911; baseline 0 -13"><span class='ocrx_word' id='word_1_223' title='bbox 154 1863 202 1899; x_wconf 84' lang='lat' dir='ltr'>ad</span> <span class='ocrx_word' id='word_1_224' title='bbox 225 1861 419 1900; x_wconf 81' lang='lat' dir='ltr'>Coesarem</span> <span class='ocrx_word' id='word_1_225' title='bbox 439 1863 485 1899; x_wconf 90' lang='lat' dir='ltr'>de</span> <span class='ocrx_word' id='word_1_226' title='bbox 506 1874 599 1911; x_wconf 85' lang='lat' dir='ltr'>pace</span> <span class='ocrx_word' id='word_1_227' title='bbox 618 1862 819 1907; x_wconf 87' lang='lat' dir='ltr'>miserunt,</span> <span class='ocrx_word' id='word_1_228' title='bbox 840 1862 907 1910; x_wconf 91' lang='lat' dir='ltr'>qui</span> <span class='ocrx_word' id='word_1_229' title='bbox 929 1862 976 1898; x_wconf 85' lang='lat' dir='ltr'>ad</span> <span class='ocrx_word' id='word_1_230' title='bbox 996 1862 1099 1906; x_wconf 86' lang='lat' dir='ltr'>hunc</span> <span class='ocrx_word' id='word_1_231' title='bbox 1118 1861 1274 1898; x_wconf 87' lang='lat' dir='ltr'>modum</span> <span class='ocrx_word' id='word_1_232' title='bbox 1293 1861 1352 1898; x_wconf 91' lang='lat' dir='ltr'>lo-</span> 
     </span>
     <span class='ocr_line' id='line_1_32' title="bbox 154 1912 1352 1963; baseline -0.001 -10"><span class='ocrx_word' id='word_1_233' title='bbox 154 1916 235 1953; x_wconf 89' lang='lat' dir='ltr'>cuti</span> <span class='ocrx_word' id='word_1_234' title='bbox 252 1930 262 1959; x_wconf 85' lang='lat'><em>3</em></span> <span class='ocrx_word' id='word_1_235' title='bbox 283 1929 360 1953; x_wconf 89' lang='lat' dir='ltr'>non</span> <span class='ocrx_word' id='word_1_236' title='bbox 378 1928 418 1953; x_wconf 87' lang='lat' dir='ltr'>se</span> <span class='ocrx_word' id='word_1_237' title='bbox 438 1916 674 1961; x_wconf 80' lang='lat' dir='ltr'>existimare,</span> <span class='ocrx_word' id='word_1_238' title='bbox 698 1916 890 1952; x_wconf 84' lang='lat' dir='ltr'>Romanos</span> <span class='ocrx_word' id='word_1_239' title='bbox 909 1915 992 1952; x_wconf 90' lang='lat' dir='ltr'>sine</span> <span class='ocrx_word' id='word_1_240' title='bbox 1011 1927 1083 1963; x_wconf 92' lang='lat' dir='ltr'>ope</span> <span class='ocrx_word' id='word_1_241' title='bbox 1111 1912 1246 1952; x_wconf 68' lang='lat' dir='ltr'>divinzi,</span> <span class='ocrx_word' id='word_1_242' title='bbox 1270 1915 1352 1952; x_wconf 88' lang='lat' dir='ltr'>bel·</span> 
     </span>
     <span class='ocr_line' id='line_1_33' title="bbox 153 1965 1352 2018; baseline 0 -13"><span class='ocrx_word' id='word_1_243' title='bbox 153 1969 233 2006; x_wconf 90' lang='lat' dir='ltr'>lum</span> <span class='ocrx_word' id='word_1_244' title='bbox 254 1982 400 2017; x_wconf 87' lang='lat' dir='ltr'>gerere,</span> <span class='ocrx_word' id='word_1_245' title='bbox 421 1970 488 2018; x_wconf 89' lang='lat' dir='ltr'>qui</span> <span class='ocrx_word' id='word_1_246' title='bbox 507 1976 625 2007; x_wconf 81' lang='lat' dir='ltr'>tantae</span> <span class='ocrx_word' id='word_1_247' title='bbox 658 1969 874 2006; x_wconf 83' lang='lat' dir='ltr'>altitudinis</span> <span class='ocrx_word' id='word_1_248' title='bbox 909 1968 1210 2005; x_wconf 83' lang='lat' dir='ltr'>machinationes</span> <span class='ocrx_word' id='word_1_249' title='bbox 1242 1965 1352 2006; x_wconf 65' lang='lat' dir='ltr'>tanta</span> 
     </span>
     <span class='ocr_line' id='line_1_34' title="bbox 153 2022 1350 2072; baseline -0.001 -12"><span class='ocrx_word' id='word_1_250' title='bbox 153 2023 351 2061; x_wconf 84' lang='lat' dir='ltr'>celeritate</span> <span class='ocrx_word' id='word_1_251' title='bbox 370 2035 598 2072; x_wconf 87' lang='lat' dir='ltr'>promovere</span> <span class='ocrx_word' id='word_1_252' title='bbox 618 2029 656 2060; x_wconf 90' lang='lat' dir='ltr'>et</span> <span class='ocrx_word' id='word_1_253' title='bbox 675 2036 724 2060; x_wconf 80' lang='lat' dir='ltr'>ex</span> <span class='ocrx_word' id='word_1_254' title='bbox 744 2022 1033 2071; x_wconf 83' lang='lat' dir='ltr'>propinquitate</span> <span class='ocrx_word' id='word_1_255' title='bbox 1061 2034 1234 2070; x_wconf 87' lang='lat' dir='ltr'>pugnare</span> <span class='ocrx_word' id='word_1_256' title='bbox 1262 2034 1350 2070; x_wconf 89' lang='lat' dir='ltr'>pos-</span> 
     </span>
     <span class='ocr_line' id='line_1_35' title="bbox 152 2075 1351 2125; baseline 0 -13"><span class='ocrx_word' id='word_1_257' title='bbox 152 2082 261 2113; x_wconf 91' lang='lat' dir='ltr'>sent:</span> <span class='ocrx_word' id='word_1_258' title='bbox 283 2089 324 2114; x_wconf 85' lang='lat' dir='ltr'>se</span> <span class='ocrx_word' id='word_1_259' title='bbox 343 2089 489 2125; x_wconf 83' lang='lat' dir='ltr'>suaque</span> <span class='ocrx_word' id='word_1_260' title='bbox 508 2076 636 2114; x_wconf 85' lang='lat' dir='ltr'>omnia</span> <span class='ocrx_word' id='word_1_261' title='bbox 655 2089 787 2113; x_wconf 91' lang='lat' dir='ltr'>eorum</span> <span class='ocrx_word' id='word_1_262' title='bbox 805 2075 985 2125; x_wconf 85' lang='lat' dir='ltr'>potestati</span> <span class='ocrx_word' id='word_1_263' title='bbox 1004 2075 1228 2124; x_wconf 86' lang='lat' dir='ltr'>permittere</span> <span class='ocrx_word' id='word_1_264' title='bbox 1239 2075 1351 2113; x_wconf 84' lang='lat' dir='ltr'>dixe-</span> 
     </span>
     <span class='ocr_line' id='line_1_36' title="bbox 151 2126 1352 2179; baseline 0.001 -13"><span class='ocrx_word' id='word_1_265' title='bbox 151 2136 258 2166; x_wconf 88' lang='lat' dir='ltr'>runt.</span> <span class='ocrx_word' id='word_1_266' title='bbox 316 2130 451 2168; x_wconf 86' lang='lat' dir='ltr'>Unum</span> <span class='ocrx_word' id='word_1_267' title='bbox 483 2136 614 2179; x_wconf 87' lang='lat' dir='ltr'>petere</span> <span class='ocrx_word' id='word_1_268' title='bbox 644 2143 687 2168; x_wconf 88' lang='lat' dir='ltr'>ac</span> <span class='ocrx_word' id='word_1_269' title='bbox 721 2129 920 2178; x_wconf 81' lang='lat' dir='ltr'>deprecari</span> <span class='ocrx_word' id='word_1_270' title='bbox 936 2142 945 2166; x_wconf 88' lang='lat'>:</span> <span class='ocrx_word' id='word_1_271' title='bbox 966 2129 998 2166; x_wconf 90' lang='lat' dir='ltr'>si</span> <span class='ocrx_word' id='word_1_272' title='bbox 1030 2128 1142 2174; x_wconf 88' lang='lat' dir='ltr'>forte,</span> <span class='ocrx_word' id='word_1_273' title='bbox 1177 2140 1247 2178; x_wconf 92' lang='lat' dir='ltr'>pro</span> <span class='ocrx_word' id='word_1_274' title='bbox 1280 2126 1352 2167; x_wconf 54' lang='lat' dir='ltr'>sua</span> 
     </span>
     <span class='ocr_line' id='line_1_37' title="bbox 150 2181 1349 2231; baseline -0.001 -11"><span class='ocrx_word' id='word_1_275' title='bbox 150 2182 355 2221; x_wconf 62' lang='lat' dir='ltr'>clementia</span> <span class='ocrx_word' id='word_1_276' title='bbox 374 2196 418 2221; x_wconf 83' lang='lat' dir='ltr'>ac</span> <span class='ocrx_word' id='word_1_277' title='bbox 437 2183 746 2228; x_wconf 81' lang='lat' dir='ltr'>mansuetudine,</span> <span class='ocrx_word' id='word_1_278' title='bbox 765 2195 878 2231; x_wconf 85' lang='lat' dir='ltr'>quam</span> <span class='ocrx_word' id='word_1_279' title='bbox 899 2182 974 2230; x_wconf 91' lang='lat' dir='ltr'>ipsi</span> <span class='ocrx_word' id='word_1_280' title='bbox 989 2183 1038 2219; x_wconf 87' lang='lat' dir='ltr'>ab</span> <span class='ocrx_word' id='word_1_281' title='bbox 1057 2182 1143 2220; x_wconf 86' lang='lat' dir='ltr'>aliis</span> <span class='ocrx_word' id='word_1_282' title='bbox 1155 2181 1349 2228; x_wconf 84' lang='lat' dir='ltr'>audirent,</span> 
     </span>
     <span class='ocr_line' id='line_1_38' title="bbox 151 2236 1349 2281; baseline -0.002 -7"><span class='ocrx_word' id='word_1_283' title='bbox 151 2237 349 2274; x_wconf 85' lang='lat' dir='ltr'>statuisset</span> <span class='ocrx_word' id='word_1_284' title='bbox 373 2237 600 2274; x_wconf 85' lang='lat' dir='ltr'>Aduatucos</span> <span class='ocrx_word' id='word_1_285' title='bbox 634 2249 716 2274; x_wconf 89' lang='lat' dir='ltr'>esse</span> <span class='ocrx_word' id='word_1_286' title='bbox 749 2237 1044 2281; x_wconf 84' lang='lat' dir='ltr'>conservandos,</span> <span class='ocrx_word' id='word_1_287' title='bbox 1076 2249 1125 2273; x_wconf 90' lang='lat' dir='ltr'>ne</span> <span class='ocrx_word' id='word_1_288' title='bbox 1158 2248 1199 2273; x_wconf 86' lang='lat' dir='ltr'>se</span> <span class='ocrx_word' id='word_1_289' title='bbox 1231 2236 1349 2273; x_wconf 88' lang='lat' dir='ltr'>armis</span> 
     </span>
     <span class='ocr_line' id='line_1_39' title="bbox 151 2289 1350 2339; baseline -0.001 -12"><span class='ocrx_word' id='word_1_290' title='bbox 151 2290 382 2339; x_wconf 88' lang='lat' dir='ltr'>despoliaret</span> <span class='ocrx_word' id='word_1_291' title='bbox 401 2304 412 2334; x_wconf 82' lang='lat'><em>3</em></span> <span class='ocrx_word' id='word_1_292' title='bbox 432 2290 506 2327; x_wconf 89' lang='lat' dir='ltr'>sibi</span> <span class='ocrx_word' id='word_1_293' title='bbox 526 2302 658 2327; x_wconf 91' lang='lat' dir='ltr'>omnes</span> <span class='ocrx_word' id='word_1_294' title='bbox 678 2290 758 2326; x_wconf 86' lang='lat' dir='ltr'>fere</span> <span class='ocrx_word' id='word_1_295' title='bbox 786 2289 969 2326; x_wconf 87' lang='lat' dir='ltr'>finitimos</span> <span class='ocrx_word' id='word_1_296' title='bbox 990 2302 1072 2327; x_wconf 87' lang='lat' dir='ltr'>esse</span> <span class='ocrx_word' id='word_1_297' title='bbox 1100 2289 1276 2326; x_wconf 87' lang='lat' dir='ltr'>inimicos</span> <span class='ocrx_word' id='word_1_298' title='bbox 1303 2301 1350 2326; x_wconf 84' lang='lat' dir='ltr'>ao</span> 
     </span>
     <span class='ocr_line' id='line_1_40' title="bbox 151 2342 1347 2391; baseline -0.002 -10"><span class='ocrx_word' id='word_1_299' title='bbox 151 2356 229 2381; x_wconf 88' lang='lat' dir='ltr'>suae</span> <span class='ocrx_word' id='word_1_300' title='bbox 248 2343 388 2380; x_wconf 87' lang='lat' dir='ltr'>virtuti</span> <span class='ocrx_word' id='word_1_301' title='bbox 406 2344 581 2380; x_wconf 90' lang='lat' dir='ltr'>invidere</span> <span class='ocrx_word' id='word_1_302' title='bbox 602 2358 611 2387; x_wconf 78' lang='lat'>3</span> <span class='ocrx_word' id='word_1_303' title='bbox 645 2356 667 2380; x_wconf 82' lang='lat' dir='ltr'>a</span> <span class='ocrx_word' id='word_1_304' title='bbox 700 2344 840 2391; x_wconf 88' lang='lat' dir='ltr'>quibus</span> <span class='ocrx_word' id='word_1_305' title='bbox 873 2356 913 2381; x_wconf 88' lang='lat' dir='ltr'>se</span> <span class='ocrx_word' id='word_1_306' title='bbox 942 2343 1158 2388; x_wconf 81' lang='lat' dir='ltr'>defendere,</span> <span class='ocrx_word' id='word_1_307' title='bbox 1193 2342 1347 2380; x_wconf 82' lang='lat' dir='ltr'>traditis</span> 
     </span>
     <span class='ocr_line' id='line_1_41' title="bbox 150 2397 1345 2446; baseline -0.002 -12"><span class='ocrx_word' id='word_1_308' title='bbox 150 2398 279 2442; x_wconf 85' lang='lat' dir='ltr'>armis,</span> <span class='ocrx_word' id='word_1_309' title='bbox 301 2410 378 2434; x_wconf 91' lang='lat' dir='ltr'>non</span> <span class='ocrx_word' id='word_1_310' title='bbox 397 2404 568 2446; x_wconf 88' lang='lat' dir='ltr'>possent.</span> <span class='ocrx_word' id='word_1_311' title='bbox 628 2397 711 2435; x_wconf 87' lang='lat' dir='ltr'>Sibi</span> <span class='ocrx_word' id='word_1_312' title='bbox 744 2403 937 2446; x_wconf 84' lang='lat' dir='ltr'>praestare,</span> <span class='ocrx_word' id='word_1_313' title='bbox 973 2397 1006 2433; x_wconf 87' lang='lat' dir='ltr'>si</span> <span class='ocrx_word' id='word_1_314' title='bbox 1034 2397 1075 2433; x_wconf 90' lang='lat' dir='ltr'>in</span> <span class='ocrx_word' id='word_1_315' title='bbox 1104 2409 1194 2434; x_wconf 90' lang='lat' dir='ltr'>eum</span> <span class='ocrx_word' id='word_1_316' title='bbox 1213 2408 1345 2433; x_wconf 86' lang='lat' dir='ltr'>casum</span> 
     </span>
     <span class='ocr_line' id='line_1_42' title="bbox 151 2448 1342 2499; baseline -0.003 -12"><span class='ocrx_word' id='word_1_317' title='bbox 151 2451 444 2496; x_wconf 83' lang='lat' dir='ltr'>deducerentur,</span> <span class='ocrx_word' id='word_1_318' title='bbox 464 2451 641 2499; x_wconf 82' lang='lat' dir='ltr'>quamvis</span> <span class='ocrx_word' id='word_1_319' title='bbox 656 2450 851 2488; x_wconf 87' lang='lat' dir='ltr'>fortunam</span> <span class='ocrx_word' id='word_1_320' title='bbox 868 2464 890 2488; x_wconf 83' lang='lat' dir='ltr'>a</span> <span class='ocrx_word' id='word_1_321' title='bbox 904 2449 1046 2499; x_wconf 88' lang='lat' dir='ltr'>populo</span> <span class='ocrx_word' id='word_1_322' title='bbox 1064 2448 1236 2487; x_wconf 86' lang='lat' dir='ltr'>Romano</span> <span class='ocrx_word' id='word_1_323' title='bbox 1250 2448 1342 2497; x_wconf 85' lang='lat' dir='ltr'>pati,</span> 
     </span>
    </p>
   </div>
  </div>
 </body>
</html>
