1496 2671
207 118 259 156 30
513 128 612 157 cuo
632 128 765 156 maon
777 129 831 156 nn
850 127 1096 157 sannorum.

216 223 322 263 nihil
338 235 416 263 esse
434 225 546 262 morti
565 227 640 263 tam
659 224 793 272 simile,
812 238 919 276 quam
947 236 1125 263 somnum.
1181 224 1306 276 Atqui
1324 225 1408 265 dor-

217 278 414 316 mientium
442 278 563 316 animi
598 280 759 317 mamime
787 278 977 317 declarant
1005 277 1241 316 divinitatem
1272 291 1378 317 suam
1397 295 1409 318 .-

216 331 336 370 multa
354 333 466 378 enim,
485 345 598 383 quum
617 333 762 370 remissz
788 335 824 370 et
845 332 954 371 lzberi
979 333 1080 377 sunt,
1091 331 1234 384 sutura
1252 334 1408 383 prospi-

217 386 338 424 ciunt.
395 384 463 422 12oe
481 399 553 436 quo
569 385 828 437 intellegitur,
844 386 973 437 quales
982 384 1120 437 futuri
1136 389 1226 433 sint,
1242 398 1372 448 quum
1373 399 1412 425 ze

210 438 330 492 plane
350 441 515 489 corporis
533 439 699 478 vinculis
715 439 990 478 relaxaverint
1052 438 1189 486 Quare,
1208 441 1244 478 si
1262 441 1342 479 hoec
1355 426 1409 477 tta

217 495 320 540 sunt,
340 493 394 530 sic
411 505 467 531 me
485 492 645 541 colitote,
663 499 707 532 ut
725 494 862 533 Deum.
921 493 994 530 Sin
1012 493 1094 530 ἰιηὰ
1112 499 1167 531 est
1184 494 1409 532 interiturus

213 548 363 584 animus
391 559 472 584 cum
492 559 653 596 empore,
673 560 737 585 vos
756 551 890 593 tamen,
910 546 1010 584 Deos
1028 553 1204 594 verentes,
1223 548 1289 598 qui
1315 546 1413 584 hanc

218 613 357 637 omnem
386 600 711 651 pulchritudinem
748 603 904 639 tuentur
939 601 976 638 et
1009 605 1165 650 regunt,
1201 602 1408 640 memoriam

212 655 333 692 nostri
359 656 428 704 pie
450 654 698 705 inviolateque
725 654 938 692 servabitis.
995 653 1118 702 Cyrus
1146 655 1297 704 quidem
1323 654 1406 692 haee

215 709 391 746 moriens.
451 709 542 755 Nos,
564 711 592 746 si
612 710 737 759 placet
755 714 885 746 nostra
903 707 1108 745 videamus.

268 762 418 799 XXIII.
449 763 512 801 82.
543 764 666 800 Nemo
685 775 849 810 unquam
869 761 972 807 mihi,
995 761 1131 811 Scipio,
1152 761 1405 811 persuadebit,

215 823 279 853 aut
299 821 446 865 patrem
474 822 583 854 tuum
613 816 800 861 Paullum,
831 820 897 854 aut
925 815 1022 852 duos
1040 827 1141 860 avos,
1163 815 1337 852 Paullum
1364 822 1403 853 et

213 869 447 915 Africanum,
470 875 536 908 aut
555 870 726 907 Africani
744 874 902 919 patrem,
932 874 997 907 aut
1015 873 1205 918 patruum,
1225 873 1292 908 aut-
1308 869 1404 906 mul-

213 930 273 960 tos
292 928 517 972 praestantes
544 924 655 970 viros,
686 936 778 972 quos
804 935 1024 960 enumerare
1051 934 1130 959 non
1155 927 1213 961 est
1239 934 1404 968 necesse,

214 982 323 1014 tanta
341 989 422 1014 esse
450 984 617 1023 conatos,
648 989 730 1026 quae
760 977 808 1014 ad
826 975 1059 1026 posteritatis
1074 976 1292 1013 memoriam
1319 989 1404 1026 per-

215 1030 394 1077 tinerent,
422 1031 495 1068 nisi
515 1032 639 1068 animo
659 1036 870 1076 cernerent,
895 1030 1156 1080 posteritatem
1175 1030 1225 1067 ad
1253 1043 1293 1068 se
1319 1042 1405 1079 per-

212 1084 347 1122 tinere.
407 1084 471 1121 An
491 1097 630 1132 censes,
654 1083 714 1136 (ut
733 1085 782 1122 de
800 1097 860 1122 me
879 1084 961 1134 ipso
980 1083 1122 1132 aliquid
1153 1096 1259 1121 more
1273 1096 1404 1121 senum

211 1137 446 1190 glorier,)me
481 1143 609 1176 tantos
637 1139 784 1176 labores
813 1138 967 1175 diurnos
994 1143 1274 1186 nocturnosque
1302 1137 1404 1175 domi

213 1191 436 1242 militiaeque
451 1198 715 1242 suscepturum
733 1193 857 1238 fuisse,
888 1192 919 1229 si
936 1191 1070 1229 iisdem
1086 1192 1225 1228 finibus
1243 1191 1402 1240 gloriam

211 1257 343 1291 meam,
366 1246 499 1295 quibus
519 1247 647 1292 vitam,
669 1259 785 1284 essem
802 1245 1074 1284 terminaturus
1093 1244 1113 1282 Ρ
1167 1245 1307 1283 Nonne
1324 1257 1402 1281 me-

212 1298 285 1336 lius
305 1301 426 1338 multo
453 1300 596 1346 fuisset,
618 1300 776 1338 otiosam
806 1304 955 1337 aetatem
977 1304 1016 1337 et
1036 1298 1200 1347 quietam
1220 1298 1301 1335 sine
1326 1298 1404 1336 ullo

206 1352 338 1390 labore
357 1359 395 1392 et
410 1354 654 1391 contentione
668 1354 866 1392 traducere
880 1353 900 1390 t>
957 1352 1044 1397 Sed,
1062 1352 1188 1389 nescio
1203 1352 1402 1400 quomodo,

211 1407 370 1453 animus,
393 1407 540 1455 erigens
561 1420 612 1453 se,
632 1407 893 1456 posteritatem
905 1418 1051 1455 semper
1069 1406 1124 1444 ita
1137 1406 1401 1455 prospiciebat,

212 1460 329 1507 quasi,
363 1472 478 1508 quum
507 1462 727 1499 excessisset
764 1473 785 1498 e
817 1460 910 1505 vita,
941 1465 1024 1498 tum
1052 1460 1214 1508 denique
1232 1459 1401 1497 victurus

208 1518 320 1552 esset.
379 1513 493 1559 Quod
512 1515 661 1562 quidem
680 1515 719 1551 ni
739 1514 793 1553 ita
812 1526 851 1551 se
869 1514 1037 1559 haberet,
1053 1518 1098 1551 ut
1116 1513 1231 1550 animi
1249 1513 1401 1551 immor-

210 1568 305 1605 tales
334 1573 470 1613 essent,
491 1567 596 1605 haud
623 1568 756 1618 optimi
784 1567 962 1617 cujusque
991 1567 1136 1604 animus
1163 1567 1325 1605 maxime
1351 1567 1400 1604 ad

211 1621 533 1659 immortalitatem
560 1622 691 1671 gloriae
720 1622 922 1660 niteretur.
978 1621 1042 1659 83.
1074 1621 1189 1667 Quid,
1211 1621 1315 1670 quod
1343 1634 1401 1658 sa-

211 1675 465 1724 pientissimus
485 1677 641 1724 quisque
661 1676 872 1724 aequissimo
885 1675 1012 1712 animo
1030 1675 1202 1721 moritur,
1223 1674 1399 1713 stultissi-

212 1742 295 1766 mus
323 1729 556 1776 iniquissimo
575 1730 594 1767 i>
648 1730 789 1767 Nonne
807 1729 914 1766 vobis
932 1729 1084 1766 videtur
1099 1728 1246 1766 animus
1263 1729 1306 1774 is,
1335 1729 1400 1778 qui

210 1781 295 1831 plus
311 1788 440 1820 cernat
460 1788 498 1821 et
525 1783 688 1832 longius,
720 1783 858 1829 videre,
881 1795 920 1820 se
939 1783 988 1820 ad
1005 1782 1161 1819 meliora
1187 1782 1397 1832 proficisci:

208 1836 272 1873 ille
292 1841 428 1882 autem,
450 1837 557 1886 cujus
574 1837 745 1876 obtusior
763 1837 812 1875 sit
830 1837 938 1882 acies,
954 1848 1031 1873 non
1049 1836 1177 1873 videre
1196 1835 1216 1873 ἒ)
1254 1835 1398 1885 Equid-

210 1903 271 1927 em
287 1890 421 1927 efferor
441 1891 580 1937 studio,
600 1897 726 1941 patres
741 1895 895 1936 vestros,
911 1903 1003 1939 quos
1022 1890 1120 1927 colui
1140 1895 1180 1928 et
1198 1889 1326 1936 dilexi,
1342 1891 1398 1927 vi-

211 1943 329 1980 dendi
345 1957 353 1980 :
383 1956 506 1992 neque
525 1958 614 1982 vero
634 1957 696 1983 eos
717 1945 837 1982 solum
857 1943 1058 1982 convenire
1070 1956 1176 1989 aveo,
1196 1955 1290 1992 quos
1316 1944 1397 1994 ipse

211 1997 379 2045 cognovi,
402 1998 468 2034 sed
487 1998 572 2036 illos
593 2000 717 2045 etiam,
740 1999 788 2036 de
807 1998 941 2047 quibus
960 1996 1088 2034 audivi
1107 2002 1145 2035 et
1164 1998 1242 2046 legi
1261 2002 1300 2036 et
1317 1997 1398 2047 ipse

211 2051 426 2101 conscripsi.
486 2051 573 2097 Quo
602 2053 754 2101 quidem
773 2064 833 2089 me
849 2051 1148 2101 proficiscentem
1177 2051 1280 2088 haud
1307 2063 1397 2089 sane

210 2104 290 2153 quis
308 2104 416 2141 facile
435 2107 635 2144 retraxerit
655 2120 664 2151 3
694 2118 816 2155 neque
834 2109 1012 2154 tanquam
1033 2104 1177 2141 Peliam
1197 2105 1396 2143 recoxerit.

211 2157 326 2203 Quod
347 2158 376 2194 si
396 2159 476 2206 quis
495 2159 602 2197 Deus
622 2160 713 2197 mihi
725 2159 918 2208 largiatur,
939 2164 982 2196 ut
1000 2171 1047 2195 ex
1061 2158 1132 2195 hac
1145 2163 1259 2197 aetate
1285 2169 1396 2209 repu-

208 2223 373 2249 erascam
394 2217 432 2250 et
451 2212 624 2251 in·cunis
651 2214 812 2262 vagiam,
840 2213 951 2249 valde
977 2224 1144 2249 recusem
1167 2225 1177 2257 ;
1206 2224 1277 2250 nec
1304 2225 1395 2250 vero

206 2265 332 2309 velim,
353 2266 457 2312 quasi
472 2266 630 2304 decurso
651 2267 783 2317 spatio,
805 2264 854 2304 ad
873 2278 1039 2304 carceres
1058 2278 1080 2303 a
1097 2265 1199 2304 calce
1211 2265 1392 2304 revocari.

209 2318 274 2355 84.
305 2318 410 2364 Quid
429 2319 528 2357 enim
558 2320 672 2359 habet
699 2321 778 2358 vita
805 2320 997 2358 commodi
1014 2319 1035 2356 ἶ)
1063 2319 1154 2368 quid
1171 2331 1249 2357 non
1268 2320 1393 2370 potius

204 2371 342 2409 laboris
361 2371 380 2410 ἱ)
448 2373 525 2411 Sed
562 2373 700 2413 habeat
732 2387 838 2413 sane:
869 2374 986 2412 habet
1020 2379 1123 2412 certe
1159 2378 1289 2412 tamen
1325 2378 1391 2411 aut
