1496 2671
365 158 438 195 DE
469 156 649 195 BELLO
681 154 929 194 GALLICO
958 154 1063 192 LIB.
1092 155 1148 192 ΙΙ.
1303 157 1351 192 35

217 265 335 303 VIII.
366 264 496 303 Caesar
510 264 634 313 piimo
648 269 684 302 et
698 269 855 313 propter
869 262 1152 300 multitudinem
1169 262 1349 306 hostium,

163 325 202 356 et
222 324 375 367 plopter
394 317 574 354 eximiam
594 319 813 366 opinionem
832 317 1001 360 vaunis,
1022 317 1156 365 proelio
1176 328 1350 364 superse-

163 373 252 409 dere
271 371 422 414 statuit3
451 371 623 419 quotidie
657 379 785 408 tamen
819 371 1061 418 equestribus
1083 369 1236 418 proeliis,
1259 369 1352 415 quid

162 425 282 462 hostis
303 425 447 461 virtute
465 430 604 473 posset,
626 431 663 462 et
683 425 774 474 quid
797 424 919 460 nostri
939 424 1137 467 auderent,
1161 421 1351 473 [solicita-

161 477 352 528 tionibus]
383 478 687 526 periclitabatur.
744 477 825 515 Ubi
859 483 1008 513 nostros
1041 489 1117 513 non
1151 489 1232 513 esse
1253 475 1351 512 infe«

161 530 281 568 riores
301 531 505 576 intellexit,
528 531 608 568 loco
625 544 693 581 pro
713 530 848 568 castris
869 530 916 566 ad
945 530 1066 566 aciem
1085 530 1351 566 instruendam

161 583 295 620 natm
278 598 301 622 a
337 591 554 646 opportuno
590 592 704 634 atque
742 585 879 620 idoneo
917 584 1038 632 (quod
1076 584 1108 619 is
1137 583 1254 626 collis,
1286 583 1352 619 ubi

159 642 283 675 castra
302 639 425 687 posit-i
445 644 565 681 erant,
583 638 795 685 paullulum
810 649 859 673 ex
876 636 1035 685 planitie
1050 637 1186 681 editus,
1201 643 1225 672 t
1219 643 1352 673 lutum

160 686 344 729 adversus
379 692 421 728 in
454 691 700 729 latitudinem
732 691 900 739 patebat,
933 696 1121 739 quantum
1156 689 1227 727 loci
1249 690 1351 726 acies

157 743 348 782 instlucta
385 756 571 793 occupare
608 751 718 794 potei
721 751 771 789 at,
809 749 924 791 atque
961 756 1008 780 ex
1050 751 1125 780 uti·
1115 756 1214 791 aque
1244 750 1351 790 parte

157 796 289 835 lateris
309 798 479 847 dejectus
506 798 683 843 habebat,
705 806 743 835 et
775 797 942 834 frontem
973 797 1113 834 leniter
1145 796 1352 845 fastigatus

159 852 359 899 paullatim
380 852 427 888 ad
454 851 653 900 planitiem
674 827 857 899 iedibat,)
878 853 926 888 ab
945 857 1108 899 utroque
1128 849 1247 887 latere
1268 849 1352 897 ejus

158 906 267 942 collis
286 911 544 943 transversam
559 903 698 943 fossam
719 904 882 942 obduxit
895 905 1048 942 circiter
1064 916 1245 952 passuum
1267 901 1350 948 OD,

159 965 199 996 et
218 959 266 996 ad
285 965 477 996 extremas
497 957 617 996 fossas
632 959 788 997 castella
803 958 1003 995 constituit
1017 958 1148 1005 ibique
1161 962 1351 994 tormenta

159 1012 372 1057 collocavit,
394 1024 454 1056 ne,
485 1024 604 1059 quum
633 1013 753 1050 aciem
782 1012 1043 1056 instruxisset,
1078 1012 1218 1055 hostes,
1248 1012 1350 1059 quod

158 1071 310 1102 tantum
348 1065 596 1103 multitudine
623 1071 816 1115 poterant,
844 1067 892 1103 ab
921 1065 1105 1102 lateribus
1134 1070 1350 1112 pugnantes

158 1131 247 1156 suos
266 1118 546 1156 circumvenire
568 1125 736 1167 possent.
778 1118 864 1154 Hoc
884 1118 996 1162 facto,
1019 1118 1168 1155 duabus
1188 1117 1351 1166 legioni-

157 1173 229 1209 bus
249 1184 343 1220 quas
364 1171 537 1219 proxime
571 1173 862 1220 conscripserat,
896 1172 938 1208 in
971 1171 1107 1208 castris
1126 1171 1285 1214 relictis,
1308 1179 1350 1208 ut

158 1226 191 1262 si
210 1238 286 1273 qua
305 1237 400 1274 opus
420 1230 531 1268 esset,
565 1226 735 1263 subsidio
769 1224 858 1262 duci
892 1232 1057 1274 possent,
1091 1224 1259 1272 reliquas
1281 1237 1350 1261 sex

157 1279 328 1327 legiones
353 1290 423 1327 pro
456 1279 591 1317 castris
623 1279 664 1315 in
697 1279 778 1316 acie
812 1279 1025 1316 constituit.
1083 1278 1225 1315 Hostes
1256 1278 1350 1315 item

157 1344 245 1369 suas
264 1332 390 1380 copias
410 1343 461 1368 ex
480 1333 614 1370 castris
634 1332 791 1370 eductas
809 1331 1089 1370 instruxerant.

210 1385 287 1422 IX.
320 1385 435 1422 Palus
455 1393 537 1424 erat
555 1399 632 1422 non
652 1398 791 1434 magna
810 1385 913 1423 inter
934 1392 1109 1422 nostrum
1129 1390 1243 1433 atque
1264 1385 1350 1422 hos-

157 1439 255 1475 tium
275 1438 504 1475 exercitum.
561 1440 673 1476 Hane
694 1440 726 1476 si
746 1440 868 1476 nostri
886 1439 1108 1483 transirent,
1130 1438 1260 1475 hostes
1279 1451 1349 1475 ex-

157 1493 396 1540 spectabant:
426 1493 549 1530 nostri
568 1498 708 1537 autem,
730 1492 762 1528 si
781 1492 829 1528 ab
849 1493 926 1529 illis
945 1492 1102 1528 initium
1122 1492 1349 1529 transeundi

157 1546 277 1590 fieret,
299 1551 341 1582 ut
356 1545 559 1592 impeditos
572 1546 875 1595 agglmedeientui
889 1545 1011 1595 parati
1028 1545 1068 1581 in
1089 1545 1206 1582 armis
1226 1552 1348 1582 er.ant

157 1599 321 1636 Interim
340 1597 476 1647 proelio
496 1600 665 1648 equestri
684 1600 786 1635 inter
803 1599 897 1636 duas
913 1599 1013 1636 acies
1032 1599 1255 1636 contendeb
1249 1605 1349 1636 itur.

157 1651 240 1690 Ubi
259 1652 388 1689 neutri
407 1653 633 1690 ‘transeundi
652 1652 809 1692 initium
825 1653 984 1698 faciunt,
1002 1652 1226 1689 secundiore
1242 1653 1348 1700 equi-

155 1711 240 1742 tum
276 1706 411 1754 proelio
447 1706 603 1751 nostris,
640 1704 772 1743 Caesar
811 1719 899 1744 suos
937 1706 978 1742 in
1016 1711 1140 1742 castra
1176 1706 1347 1743 reduxit.

158 1758 302 1796 Hostes
320 1759 496 1808 protinus
517 1773 566 1797 ex
585 1772 630 1797 eo
649 1760 733 1796 loeo
753 1762 803 1799 ad
820 1761 966 1797 flumen
987 1759 1171 1796 Axonam
1191 1765 1349 1796 eonten-

157 1812 309 1856 derunt,
330 1815 432 1862 quod
451 1826 533 1851 esse
553 1819 638 1862 post
658 1819 790 1852 nostra
809 1819 934 1851 castra
954 1813 1257 1850 demonstratum
1277 1817 1346 1849 est.

157 1865 220 1902 Ibi
240 1866 348 1903 vadis
360 1869 536 1917 repertis,
552 1872 700 1916 partem
714 1879 871 1906 suarum
890 1867 1086 1915 copiarum
1103 1866 1350 1903 transducere

158 1920 286 1956 eonati
303 1926 392 1957 sunt
413 1934 457 1958 eo
477 1921 646 1965 consilio,
662 1925 706 1956 ut
726 1921 757 1957 si
778 1926 932 1971 possent
945 1919 1154 1964 castellum,
1172 1919 1233 1956 cui
1250 1931 1348 1967 pree-

158 1978 240 2009 erat
262 1971 311 2018 Q.
359 1973 534 2011 Titurius
553 1974 715 2022 legatus,
745 1978 1016 2023 expugnarent
1038 1979 1268 2021 pontemque
1287 1973 1348 2009 in-

158 2026 454 2071 terscinderent;
501 2027 533 2063 si
570 2028 699 2064 minus
737 2028 961 2078 potuissent,
992 2038 1104 2074 agros
1138 2025 1348 2063 Remorum

158 2079 443 2127 popularentur,
465 2081 531 2128 qui
552 2092 690 2130 magno
710 2082 819 2119 nobis
840 2081 925 2117 usui
959 2080 1006 2116 ad
1040 2079 1182 2116 bellum
1209 2092 1348 2129 geren-

158 2132 250 2168 dum
270 2138 389 2177 erant,
411 2140 700 2181 commeatuque
720 2141 872 2173 nostros
892 2133 1150 2182 prohiberent.

211 2184 268 2220 X.
299 2185 428 2224 Caesar
448 2187 587 2224 certior
614 2187 740 2226 factus
769 2190 817 2225 ab
839 2187 1004 2230 Titurio,
1027 2199 1178 2223 omnem
1198 2186 1347 2234 equita-

158 2244 242 2283 tum
262 2244 300 2275 et
319 2239 415 2277 levis
434 2246 636 2277 armaturae
651 2240 852 2286 Numidas,
873 2241 1088 2277 funditores
1108 2240 1348 2288 sagittarios-

157 2304 232 2342 que
252 2298 406 2340 pontem
425 2294 638 2331 transducit
658 2301 772 2345 atque
792 2295 839 2332 ad
854 2307 918 2332 eos
938 2293 1147 2331 contendit.
1190 2293 1349 2329 Acriter

157 2346 199 2381 in
218 2358 263 2382 eo
283 2345 364 2382 loco
392 2352 605 2394 pugnatum
625 2354 696 2384 est.
753 2349 895 2385 Hostes
924 2347 1127 2396 impeditos
1156 2346 1277 2382 nostri
1305 2345 1347 2381 in

156 2398 315 2436 flumine
335 2399 516 2449 aggressi,
539 2412 719 2448 magnum
739 2414 869 2440 eorum
890 2413 1092 2438 numeium
1111 2400 1347 2437 occider.unt
