1496 2671
326 210 399 248 DE
429 208 609 247 BELLO
641 207 889 247 GALLICO
918 208 1024 245 LIB.
1055 208 1129 246 IV.
1278 209 1329 248 67

134 317 384 366 incitavisset,
397 316 471 353 hoc
483 316 604 353 artius
619 315 769 364 illigata
782 321 1018 353 tenerentur.
1069 315 1165 352 Haec
1182 313 1331 353 directa

133 368 293 409 materia
307 369 451 417 injecta
470 370 777 407 contexebantur
806 374 843 405 et
872 369 1062 417 longuriis
1082 369 1331 416 cratibusque

132 425 486 462 consternebantur.
527 422 587 459 Ac
602 422 722 458 nihilo
739 422 863 459 secius
883 423 1039 459 sublicae
1057 429 1094 459 et
1110 422 1157 459 ad
1170 422 1329 459 inferio-

132 489 212 515 rem
227 483 373 525 partem
389 476 561 512 fluminis
576 475 730 523 oblique
750 476 977 523 agebantur,
993 487 1079 523 quac
1097 488 1166 524 pro
1183 476 1331 523 pariete

131 529 312 578 subjectae
333 536 371 566 et
398 542 487 566 cum
515 529 619 566 omni
648 541 762 577 opere
798 527 1026 575 conjunctae,
1051 529 1130 565 vim
1158 529 1331 565 fluminis

134 583 375 631 exciperent:
404 588 442 620 et
462 583 545 619 aliae
565 583 658 619 item
677 594 794 629 supra
814 587 968 629 pontem
990 582 1173 619 mediocri
1193 583 1328 631 spatio,

131 642 187 681 ut,
208 637 240 673 si
260 637 439 673 arborum
459 635 587 673 trunci
609 635 690 672 sive
703 646 821 671 naves
838 633 1043 682 dejiciendi
1064 637 1190 684 operis
1203 643 1331 673 essent

133 702 156 727 a
175 690 349 726 barbaris
369 689 506 734 missae,
528 689 588 726 his
609 687 873 725 defensoribus
894 700 1024 725 earum
1041 700 1169 725 rerum
1186 690 1244 726 vis
1261 690 1330 725 mi-

121 748 332 787 nueretur,
352 755 427 779 neu
448 742 555 790 ponti
576 747 771 778 nocerent.

189 794 351 833 XVIII.
382 795 531 832 Diebus
553 795 695 839 decem,
731 794 871 842 quibus
904 794 1066 830 materia
1096 800 1221 843 coepta
1249 801 1332 831 erat

135 849 382 898 comportari,
405 849 509 885 omni
529 861 644 896 opere
663 847 811 893 effecto,
834 848 1028 884 exercitus
1049 848 1326 885 transducit-ur.

137 902 279 946 Caesar,
311 902 360 939 ad
390 908 593 950 utramque
626 907 772 950 partem
793 901 922 949 pontis
941 901 1052 937 firmo
1071 902 1251 949 praesidio
1271 914 1330 938 re·

135 956 237 999 licto,
259 956 300 991 in
319 956 415 992 fines
436 954 727 1003 Sigambrorum
747 955 956 991 contendit.
1000 953 1166 991 Interim
1186 968 1208 992 a
1228 967 1330 992 com-

136 1009 312 1057 pluribus
350 1008 575 1045 civitatibus
613 1009 661 1046 ad
698 1020 786 1044 eum
823 1007 941 1055 legati
980 1007 1155 1052 veniunt,
1190 1009 1330 1057 quibus

137 1074 270 1111 pacem
290 1068 404 1110 atque
424 1062 632 1099 amicitiam
661 1061 881 1110 petentibus
902 1061 1114 1098 liberaliter
1133 1063 1332 1110 respondit

137 1116 366 1163 obsidesque
402 1116 450 1151 ad
487 1127 528 1151 se
565 1115 703 1151 adduci
734 1113 860 1161 jubet.
919 1114 975 1150 At
1005 1111 1196 1162 Sigambri
1216 1128 1265 1152 ex
1286 1128 1330 1152 eo

136 1174 319 1217 tempore,
341 1181 418 1216 quo
432 1181 527 1216 pons
546 1167 698 1205 institui
719 1174 867 1216 coeptus
887 1172 956 1211 est,
986 1166 1080 1216 fug&⁴
1099 1171 1330 1217 comparata,

138 1221 382 1258 hortantibus
402 1221 462 1264 iis,
494 1233 590 1268 quos
618 1233 667 1257 ex
689 1220 946 1257 Tenchtheris
967 1226 1081 1268 atque
1106 1221 1333 1270 Usipetibus

138 1274 242 1323 apud
278 1286 318 1310 se
355 1275 559 1318 habebant,
599 1275 743 1310 finibus
782 1274 861 1310 suis
899 1281 1146 1310 excesserant
1184 1288 1329 1324 suaque

139 1328 268 1365 omnia
299 1333 612 1375 exportaverant,
651 1339 768 1375 seque
801 1327 842 1362 in
876 1327 1123 1364 solitudinem
1153 1341 1196 1366 ac
1216 1329 1333 1366 silvas

141 1381 381 1418 abdiderant.

196 1433 315 1470 XIX.
348 1434 478 1471 Caesar
497 1446 637 1481 paucos
656 1433 737 1470 dies
756 1433 796 1468 in
829 1444 962 1469 eorum
990 1432 1132 1470 finibus
1151 1441 1332 1481 moratuS,

141 1488 319 1524 omnibus
339 1487 435 1523 vicis
464 1487 713 1534 aedificiisque
740 1486 917 1529 incensis,
948 1485 1229 1537 frumentisque
1249 1501 1334 1526 suc-

143 1540 243 1583 cisis,
265 1541 365 1577 sein
392 1541 487 1576 fines
521 1540 713 1578 Ubiorum
734 1539 897 1586 recepit3
924 1545 1040 1587 atque
1068 1540 1116 1577 iis
1145 1543 1335 1579 auxilium

145 1606 256 1630 suum
276 1593 480 1641 pollicitus,
509 1594 537 1630 si
569 1594 617 1629 ab
650 1591 786 1629 Suevis
819 1602 1096 1640 premerentur,
1119 1595 1200 1632 haec
1220 1597 1268 1632 ab
1287 1596 1335 1632 iis

144 1647 340 1696 cognovit:
373 1646 531 1690 Suevos,
553 1653 799 1695 posteaquam
818 1658 886 1694 per
899 1646 1160 1694 exploratores
1180 1655 1336 1697 pontem

144 1700 228 1737 fieri
250 1700 533 1747 comperissent,
555 1712 661 1736 more
679 1712 748 1736 suo
768 1698 930 1735 concilio
950 1700 1092 1744 habito,
1116 1702 1275 1739 nuncios
1295 1703 1336 1738 in

145 1765 276 1790 omnes
297 1759 424 1801 partes
453 1753 653 1795 dimisisse,
695 1752 750 1788 uti
789 1752 836 1788 de
874 1752 1025 1800 oppidis
1062 1755 1335 1803 demigrarent,

145 1807 297 1850 liberos,
337 1819 477 1843 uxores
514 1819 658 1854 suaque
695 1805 823 1842 omnia
861 1805 900 1840 in
935 1805 1051 1843 silvas
1089 1808 1336 1856 deponerent,

146 1866 261 1907 atque
281 1872 423 1904 omnes,
445 1859 511 1908 qui
541 1872 647 1896 arma
679 1859 781 1896 ferre
814 1864 983 1906 possent,
1012 1872 1131 1897 unum
1151 1862 1192 1897 in
1212 1862 1338 1899 locum

147 1913 413 1950 convenirent:
427 1913 529 1949 hunc
549 1926 631 1949 esse
644 1913 834 1949 delectum
851 1912 1018 1948 medium
1037 1913 1118 1951 fere
1137 1915 1340 1963 regionum

149 1978 290 2010 earum,
312 1979 406 2014 quas
429 1966 548 2003 Suevi
569 1966 805 2008 obtinerent3
831 1965 894 2001 hic
914 1965 1174 2004 Romanorum
1196 1969 1339 2006 adven—

149 2026 232 2055 tum
252 2025 475 2067 exspectare
495 2026 609 2067 atquc
628 2020 683 2055 ibi
703 2020 899 2055 decertare
913 2020 1170 2058 constituisse.
1228 2021 1341 2067 Quod

151 2072 218 2108 ubi
258 2071 385 2109 Caesar
422 2074 619 2121 comperit,
658 2073 840 2109 omnibus
888 2071 949 2108 his
990 2075 1104 2110 rebus
1141 2074 1338 2121 confectis,

150 2137 315 2173 quarum
328 2138 455 2162 rerum
470 2127 585 2162 causa
596 2126 844 2162 transducere
854 2126 1066 2163 exercitum
1077 2128 1339 2174 constituerat,

152 2184 196 2214 ut
217 2176 422 2215 Germanis
449 2187 594 2216 metum
613 2178 803 2227 injiceret,
833 2184 876 2213 ut
898 2175 1119 2227 Sigambros
1138 2182 1341 2219 ulciscere-

151 2237 229 2272 tur,
251 2237 294 2267 ut
326 2231 449 2268 Ubios
468 2233 665 2269 obsidione
685 2233 878 2276 liberaret,
899 2231 1036 2270 diebus
1055 2235 1212 2271 omnino
1240 2235 1283 2271 X
1304 2242 1342 2272 et

152 2283 262 2320 VIII
280 2289 387 2320 trans
407 2285 585 2321 Rhenum
618 2285 839 2329 consumtis,
874 2286 966 2322 satis
986 2292 1024 2323 et
1057 2288 1104 2324 ad
1134 2288 1283 2325 laudem
1305 2295 1343 2325 et

153 2337 202 2374 ad
234 2337 440 2374 utilitatem
475 2337 690 2386 profectum
716 2339 937 2385 arbitratuS,
973 2352 1012 2377 se
1032 2341 1072 2376 in
1095 2339 1262 2378 Galliam
1283 2354 1343 2378 re-

153 2390 256 2439 cepit
274 2395 505 2438 pontemque
524 2392 693 2428 rescidit.
