1496 2671
263 121 285 159 6
546 121 748 161 LAELIUS
777 123 851 161 DE
878 122 1138 161 AMICITIA.

264 236 390 268 nostra
407 230 654 268 familiaritate
672 231 749 267 visa
763 236 830 268 est.
887 230 1017 280 Itaque
1034 230 1104 268 feci
1122 244 1197 269 non
1215 230 1365 277 invitus,
1384 236 1426 270 ut

266 285 478 332 prodessem
505 284 634 322 multis
669 290 735 322 tuo
767 289 916 333 rogatu.
969 287 1008 321 4.
1035 284 1123 330 Sed,
1150 290 1193 323 ut
1220 285 1260 322 in
1289 282 1427 324 Catone

265 337 423 388 ὖῙᾳᾷονε,
442 338 505 386 qui
532 345 588 375 est
616 338 773 387 scriptus
802 338 850 374 ad
877 343 915 375 te
946 338 994 375 de
1013 344 1214 385 senectute,
1246 339 1427 377 Catonem

266 392 398 428 induxi
418 404 543 429 senem
561 392 823 441 disputantem,
845 392 932 443 quia
957 391 1060 429 nulla
1083 392 1280 433 videbatur
1308 392 1430 442 aptior

267 458 436 493 persona,
452 458 533 495 quae
551 446 598 482 (le
616 446 679 482 illa
697 452 805 484 aetate
824 445 1048 494 loqueretur,
1069 458 1178 494 quam
1198 447 1288 496 ejus,
1309 446 1373 495 qui
1391 451 1430 483 et

265 499 470 536 diutissime
488 512 599 537 senex
617 500 757 545 fuisset,
785 506 823 537 et
840 499 879 539 in
906 499 986 547 ipsa
1003 504 1193 538 senectute
1211 513 1286 550 prae
1299 499 1431 537 ceteris

266 553 477 590 floruisset:
508 554 569 597 sic,
600 566 711 602 quum
741 553 1004 601 accepissemus
1032 565 1053 589 a
1077 554 1253 601 patribus,
1273 554 1431 590 maxime

266 607 540 644 memorabilem
555 607 635 644 Caii
648 607 751 644 Laelii
767 611 804 644 et
818 606 941 642 Publii
953 605 1132 654 Scipionis
1146 606 1429 646 familiaritatem

267 660 390 705 fuisse,
420 661 553 698 idonea
580 661 671 698 mihi
686 660 791 697 Laelii
810 672 967 709 persona
993 660 1072 696 visa
1090 665 1157 705 est,
1178 673 1259 710 quae
1277 661 1324 698 de
1341 661 1432 697 ami-

267 715 353 752 citia
371 728 414 751 ea
431 716 509 764 ipsa
537 715 743 759 dissereret,
765 726 846 763 quae
864 713 1053 762 disputata
1079 714 1126 750 ab
1145 726 1189 751 eo
1207 714 1432 752 meminisset

239 780 247 793 ··
267 769 441 806 Seaevola.
474 769 602 805 Genus
617 775 740 805 autem
757 768 826 804 hoc
840 779 1062 812 sermonum,
1082 767 1244 816 positum
1262 768 1300 805 in
1314 768 1431 805 homi-

267 835 359 860 num
390 830 556 860 veterum
594 822 828 867 auctoritate,
863 826 900 859 et
933 833 1060 858 eorum
1096 820 1308 868 illustrium,
1336 822 1431 872 plus,

266 877 390 913 nescio
409 889 482 925 quo
497 881 615 924 pacto,
632 875 779 913 videtur
797 875 932 912 habere
950 874 1156 923 gravitatis.
1194 875 1336 926 Itaque,
1356 875 1434 925 ipse

270 943 351 967 mea
370 931 507 979 legens,
529 930 580 967 sic
608 929 745 966 afficior
772 928 972 973 interdum,
993 934 1036 966 ut
1057 928 1248 975 Catonem,
1270 942 1346 966 non
1363 942 1433 973 me,

267 985 370 1032 loqui
408 984 624 1021 existimem.
682 984 716 1020 5.
749 983 832 1028 Sed,
855 988 897 1020 ut
915 988 995 1020 tum
1023 982 1071 1020 ad
1097 995 1222 1020 senem
1249 995 1362 1020 senex
1389 983 1436 1020 de

270 1044 471 1079 senectute,
493 1039 543 1074 sie
561 1037 631 1075 hoc
649 1037 744 1074 libro
773 1038 821 1074 ad
840 1037 997 1074 amicum
1024 1036 1263 1074 amicissimus
1281 1037 1329 1074 de
1347 1037 1436 1074 ami-

269 1093 355 1129 citia
369 1091 509 1140 scripsi.
567 1090 661 1127 Tum
679 1097 734 1129 est
755 1091 849 1129 Cato
867 1091 1024 1136 loeutus,
1045 1103 1119 1139 quo
1137 1096 1218 1130 erat
1235 1103 1345 1129 nemo
1361 1091 1437 1129 fere

271 1147 392 1183 senior
411 1145 639 1195 temporibus
666 1145 748 1190 illis,
769 1158 878 1182 nemo
893 1145 1111 1194 prudentior
1130 1158 1138 1182 :
1168 1158 1267 1183 nunc
1287 1145 1435 1189 Laelius,

271 1211 308 1236 et
328 1200 483 1249 sapiens,
507 1199 574 1249 (sic
602 1199 699 1236 enim
720 1206 775 1236 est
795 1198 971 1248 habitus‚)
993 1203 1031 1235 et
1049 1198 1219 1237 amicitiae
1235 1198 1355 1247 gloria
1373 1211 1436 1236 ex-

270 1254 417 1298 cellens,
439 1254 486 1289 de
504 1253 665 1290 amicitia
679 1253 857 1302 loquitur.
941 1252 1000 1288 Tu
1020 1252 1129 1288 velim
1157 1252 1319 1289 animum
1338 1265 1360 1289 a
1378 1265 1436 1290 me

272 1320 470 1357 parumper
489 1312 644 1352 avertas,
666 1306 820 1343 Laelium
846 1305 948 1355 loqui
975 1305 1096 1355 ipsum
1122 1311 1244 1355 putes.
1325 1305 1438 1344 Caius

279 1362 442 1398 Fannius
470 1367 506 1398 et
536 1361 700 1405 Quintus
729 1360 875 1397 Mucius
903 1359 949 1396 ad
979 1371 1146 1396 socerum
1174 1359 1330 1397 veniunt
1353 1367 1438 1410 post

272 1422 427 1452 mortem
452 1417 477 1449 A
486 1414 637 1451 fricani:
659 1414 705 1450 ab
723 1414 780 1451 his
800 1426 919 1450 sermo
935 1413 1067 1450 oritur.
1120 1412 1339 1463 Respondet
1358 1413 1440 1451 Lae-

270 1470 341 1506 lius
362 1483 369 1505 :
401 1469 504 1516 cujus
524 1474 604 1506 tota
622 1468 824 1516 disputatio
850 1473 905 1505 est
932 1466 979 1503 de
997 1467 1168 1513 amicitia,
1185 1480 1294 1517 quam
1313 1467 1441 1517 legens

273 1533 315 1559 tu
336 1530 373 1559 te
393 1523 470 1572 ipse
489 1534 700 1570 cognosces.

328 1576 379 1612 ΙΙ.
410 1575 444 1613 6.
478 1575 662 1612 ΡΑΝΝΙΗΒ.
693 1575 788 1612 Sunt
820 1574 901 1619 ista,
935 1573 1032 1612 Laeli.
1089 1574 1169 1611 Nec
1195 1575 1293 1612 enim
1312 1575 1441 1613 melior

272 1632 327 1667 vir
346 1630 418 1667 fuit
438 1630 614 1666 Africano
626 1630 830 1678 quisquam,
851 1641 920 1665 nec
939 1628 1083 1666 clarior.
1140 1629 1214 1665 Sed
1233 1629 1441 1667 existimare

276 1685 399 1729 debes,
422 1684 586 1720 omnium
606 1683 730 1720 oculos
759 1695 858 1718 nunc
876 1682 913 1718 in
934 1688 972 1720 te
993 1695 1072 1719 esse
1090 1681 1276 1732 conjectos
1297 1696 1306 1727 ;
1326 1695 1442 1721 unum

277 1747 315 1776 te
334 1738 536 1787 sapientem
566 1742 601 1774 et
630 1736 817 1786 appellant
846 1742 882 1774 et
911 1736 1136 1774 existimant.
1192 1736 1442 1775 Tribuebatur

277 1794 346 1829 hoc
365 1792 476 1828 modo
497 1791 624 1828 Marco
644 1790 799 1834 Catoni;
821 1790 955 1827 scimus
973 1789 1130 1827 Lucium
1150 1789 1324 1828 Attilium
1341 1791 1441 1840 apud

274 1854 398 1895 patres
426 1852 570 1883 nostros
599 1844 822 1894 appellatum
841 1856 918 1880 esse
945 1843 1171 1893 sapientem:
1201 1843 1266 1880 sed
1284 1849 1441 1894 uterque

276 1901 348 1937 alio
377 1900 536 1948 quodam
563 1899 703 1940 modoz
733 1897 900 1942 Attilius,
929 1898 1015 1947 quia
1031 1897 1193 1947 prudens
1212 1910 1290 1934 esse
1303 1897 1343 1935 in
1355 1897 1442 1947 jure

278 1954 375 1991 civili
413 1954 614 2002 putabatur
635 1966 642 1996 ;
674 1952 777 1995 Cato,
817 1952 902 2000 quia
939 1951 1137 1989 multarum
1174 1963 1298 1988 rerum
1333 1964 1440 1990 usum

276 2008 458 2045 habebat:
481 2007 597 2044 multa
617 2006 646 2055 <j
655 2020 694 2042 us
714 2014 751 2043 et
770 2006 808 2042 in
821 2005 973 2049 Senatu,
993 2012 1030 2042 et
1049 2005 1088 2041 in
1106 2005 1197 2050 foro,
1218 2005 1276 2042 vel
1294 2005 1441 2050 provisa

277 2062 491 2111 prudenter,
520 2060 577 2097 vel
596 2067 678 2098 acta
696 2064 919 2103 constanter,
941 2058 999 2095 vel
1016 2071 1191 2108 responsa
1209 2063 1328 2104 acute,
1346 2059 1440 2097 fere-

285 2119 431 2152 bantur.
507 2114 709 2163 Propterea
736 2113 839 2162 quasi
872 2124 1078 2161 cognomen
1110 2112 1188 2161 jam
1215 2112 1375 2151 habebat
1401 2114 1440 2150 in

283 2175 473 2206 senectute
492 2169 666 2217 sapientis
735 2167 789 2203 Te
808 2172 931 2204 autem
950 2166 1022 2204 alio
1039 2167 1198 2215 quodam
1223 2166 1344 2213 modo,
1365 2179 1439 2204 non

282 2222 401 2260 solum
416 2228 548 2259 natura
567 2228 605 2258 et
620 2221 791 2264 moribus,
814 2233 940 2257 verum
960 2219 1070 2258 etiam
1084 2220 1208 2258 studio
1225 2224 1263 2258 et
1274 2220 1442 2259 doctrina

279 2288 358 2314 esse
376 2275 578 2324 sapientem
597 2288 604 2318 ;
634 2287 701 2312 nec
728 2275 822 2311 sicut
850 2274 995 2323 vulgus,
1016 2274 1080 2311 sed
1099 2279 1142 2312 ut
1160 2273 1296 2312 eruditi
1323 2275 1443 2313 solent

280 2328 465 2379 appellare
492 2329 705 2378 sapientem,
735 2327 879 2377 qualem
907 2329 946 2364 in
974 2333 1054 2366 tota
1083 2328 1226 2365 Graecia
1243 2328 1440 2366 neminem.

282 2386 317 2424 7.
348 2384 444 2421 Nam
472 2383 535 2431 qui
562 2387 699 2431 septem
729 2382 972 2431 appellantur,
993 2394 1067 2428 eos,
1086 2383 1148 2431 qui
1176 2382 1246 2420 ista
1273 2382 1444 2421 subtilius
