<?xml version="1.0" encoding="UTF-8"?>
<!DOCTYPE html PUBLIC "-//W3C//DTD XHTML 1.0 Transitional//EN"
    "http://www.w3.org/TR/xhtml1/DTD/xhtml1-transitional.dtd">
<html xmlns="http://www.w3.org/1999/xhtml" xml:lang="en" lang="en">
 <head>
  <title>
</title>
<meta http-equiv="Content-Type" content="text/html;charset=utf-8" />
  <meta name='ocr-system' content='tesseract 3.04.00' />
  <meta name='ocr-capabilities' content='ocr_page ocr_carea ocr_par ocr_line ocrx_word'/>
</head>
<body>
  <div class='ocr_page' id='page_1' title='image "./curriculumlatinu01mont_0036.png"; bbox 0 0 1496 2671; ppageno 0'>
   <div class='ocr_carea' id='block_1_1' title="bbox 225 175 1104 218">
    <p class='ocr_par' dir='ltr' id='par_1_1' title="bbox 225 175 1104 218">
     <span class='ocr_line' id='line_1_1' title="bbox 225 175 1104 218; baseline 0.007 -6"><span class='ocrx_word' id='word_1_1' title='bbox 225 177 276 213; x_wconf 82' lang='lat'><strong>30</strong></span> <span class='ocrx_word' id='word_1_2' title='bbox 562 175 834 216; x_wconf 78' lang='lat' dir='ltr'>CORNELII</span> <span class='ocrx_word' id='word_1_3' title='bbox 862 178 1104 218; x_wconf 83' lang='lat' dir='ltr'>NEPOTIS</span> 
     </span>
    </p>
   </div>
   <div class='ocr_carea' id='block_1_2' title="bbox 205 283 1414 1622">
    <p class='ocr_par' dir='ltr' id='par_1_2' title="bbox 205 283 1414 1622">
     <span class='ocr_line' id='line_1_2' title="bbox 222 283 1414 338; baseline 0.007 -20"><span class='ocrx_word' id='word_1_4' title='bbox 222 284 380 320; x_wconf 84' lang='lat' dir='ltr'><strong>nabazo.</strong></span> <span class='ocrx_word' id='word_1_5' title='bbox 438 283 544 322; x_wconf 85' lang='lat' dir='ltr'><strong>Huic</strong></span> <span class='ocrx_word' id='word_1_6' title='bbox 574 297 666 333; x_wconf 79' lang='lat' dir='ltr'><strong>ergo</strong></span> <span class='ocrx_word' id='word_1_7' title='bbox 697 286 908 331; x_wconf 81' lang='lat' dir='ltr'>renuntiat,</span> <span class='ocrx_word' id='word_1_8' title='bbox 937 287 1163 334; x_wconf 79' lang='lat' dir='ltr'><strong>societatem,</strong></span> <span class='ocrx_word' id='word_1_9' title='bbox 1198 300 1299 337; x_wconf 83' lang='lat' dir='ltr'><strong>quae</strong></span> <span class='ocrx_word' id='word_1_10' title='bbox 1330 290 1414 338; x_wconf 75' lang='lat' dir='ltr'><strong>reqi</strong></span> 
     </span>
     <span class='ocr_line' id='line_1_3' title="bbox 222 336 1413 392; baseline 0.007 -20"><span class='ocrx_word' id='word_1_11' title='bbox 222 350 308 373; x_wconf 81' lang='lat' dir='ltr'><strong>cum</strong></span> <span class='ocrx_word' id='word_1_12' title='bbox 337 336 653 375; x_wconf 74' lang='lat' dir='ltr'><em>Lacedaemoniis</em></span> <span class='ocrx_word' id='word_1_13' title='bbox 680 345 784 384; x_wconf 78' lang='lat' dir='ltr'><strong>esset,</strong></span> <span class='ocrx_word' id='word_1_14' title='bbox 803 346 907 376; x_wconf 78' lang='lat' dir='ltr'><strong>stare</strong></span> <span class='ocrx_word' id='word_1_15' title='bbox 933 353 1011 377; x_wconf 76' lang='lat' dir='ltr'><strong>non</strong></span> <span class='ocrx_word' id='word_1_16' title='bbox 1035 354 1156 391; x_wconf 80' lang='lat' dir='ltr'><strong>posse,</strong></span> <span class='ocrx_word' id='word_1_17' title='bbox 1174 341 1413 392; x_wconf 79' lang='lat' dir='ltr'><em>foederaque</em></span> 
     </span>
     <span class='ocr_line' id='line_1_4' title="bbox 220 391 1412 439; baseline 0.006 -13"><span class='ocrx_word' id='word_1_18' title='bbox 220 391 336 427; x_wconf 78' lang='lat' dir='ltr'><strong>irrita</strong></span> <span class='ocrx_word' id='word_1_19' title='bbox 369 391 531 439; x_wconf 80' lang='lat' dir='ltr'><strong>futura,</strong></span> <span class='ocrx_word' id='word_1_20' title='bbox 566 393 642 428; x_wconf 77' lang='lat' dir='ltr'><strong>nisi</strong></span> <span class='ocrx_word' id='word_1_21' title='bbox 676 392 916 430; x_wconf 82' lang='lat' dir='ltr'><em>Alcibiadem</em></span> <span class='ocrx_word' id='word_1_22' title='bbox 953 395 1081 431; x_wconf 76' lang='lat' dir='ltr'><strong>vivum</strong></span> <span class='ocrx_word' id='word_1_23' title='bbox 1113 402 1185 432; x_wconf 82' lang='lat' dir='ltr'><strong>aut</strong></span> <span class='ocrx_word' id='word_1_24' title='bbox 1218 402 1412 433; x_wconf 81' lang='lat' dir='ltr'><strong>mortuum</strong></span> 
     </span>
     <span class='ocr_line' id='line_1_5' title="bbox 221 445 1410 496; baseline 0.007 -17"><span class='ocrx_word' id='word_1_25' title='bbox 221 445 451 482; x_wconf 77' lang='lat' dir='ltr'><strong>tradidisset.</strong></span> <span class='ocrx_word' id='word_1_26' title='bbox 507 445 597 483; x_wconf 90' lang='lat' dir='ltr'><strong>Non</strong></span> <span class='ocrx_word' id='word_1_27' title='bbox 618 447 706 483; x_wconf 85' lang='lat' dir='ltr'><strong>tulit</strong></span> <span class='ocrx_word' id='word_1_28' title='bbox 726 447 798 484; x_wconf 88' lang='lat' dir='ltr'><strong>hoc</strong></span> <span class='ocrx_word' id='word_1_29' title='bbox 823 453 1005 496; x_wconf 84' lang='lat' dir='ltr'><strong>satrapes,</strong></span> <span class='ocrx_word' id='word_1_30' title='bbox 1023 455 1061 485; x_wconf 82' lang='lat' dir='ltr'><strong>et</strong></span> <span class='ocrx_word' id='word_1_31' title='bbox 1080 449 1224 486; x_wconf 83' lang='lat' dir='ltr'><strong>violare</strong></span> <span class='ocrx_word' id='word_1_32' title='bbox 1243 450 1410 488; x_wconf 88' lang='lat' dir='ltr'><strong>clemen-</strong></span> 
     </span>
     <span class='ocr_line' id='line_1_6' title="bbox 221 498 1410 551; baseline 0.006 -17"><span class='ocrx_word' id='word_1_33' title='bbox 221 498 326 544; x_wconf 83' lang='lat' dir='ltr'><strong>tiam,</strong></span> <span class='ocrx_word' id='word_1_34' title='bbox 357 511 472 546; x_wconf 80' lang='lat' dir='ltr'><strong>quum</strong></span> <span class='ocrx_word' id='word_1_35' title='bbox 505 500 608 548; x_wconf 85' lang='lat' dir='ltr'><strong>regis</strong></span> <span class='ocrx_word' id='word_1_36' title='bbox 642 513 732 549; x_wconf 87' lang='lat' dir='ltr'><strong>opes</strong></span> <span class='ocrx_word' id='word_1_37' title='bbox 767 500 900 546; x_wconf 86' lang='lat' dir='ltr'><strong>minui,</strong></span> <span class='ocrx_word' id='word_1_38' title='bbox 934 502 1082 538; x_wconf 87' lang='lat' dir='ltr'><strong>maluit.</strong></span> <span class='ocrx_word' id='word_1_39' title='bbox 1139 502 1278 551; x_wconf 87' lang='lat' dir='ltr'><strong>Itaque</strong></span> <span class='ocrx_word' id='word_1_40' title='bbox 1303 504 1410 541; x_wconf 76' lang='lat' dir='ltr'><strong>misit</strong></span> 
     </span>
     <span class='ocr_line' id='line_1_7' title="bbox 223 550 1408 603; baseline 0.006 -15"><span class='ocrx_word' id='word_1_41' title='bbox 223 550 487 601; x_wconf 82' lang='lat' dir='ltr'><strong>Sysamithren</strong></span> <span class='ocrx_word' id='word_1_42' title='bbox 504 561 541 591; x_wconf 85' lang='lat' dir='ltr'><strong>et</strong></span> <span class='ocrx_word' id='word_1_43' title='bbox 554 554 751 602; x_wconf 84' lang='lat' dir='ltr'><strong>Bagaeum</strong></span> <span class='ocrx_word' id='word_1_44' title='bbox 767 555 814 590; x_wconf 84' lang='lat' dir='ltr'><strong>ad</strong></span> <span class='ocrx_word' id='word_1_45' title='bbox 827 554 1071 592; x_wconf 80' lang='lat' dir='ltr'><strong>Alcibiadem</strong></span> <span class='ocrx_word' id='word_1_46' title='bbox 1085 555 1408 603; x_wconf 87' lang='lat' dir='ltr'><strong>interficiendum,</strong></span> 
     </span>
     <span class='ocr_line' id='line_1_8' title="bbox 219 605 1410 659; baseline 0.004 -17"><span class='ocrx_word' id='word_1_47' title='bbox 219 618 339 654; x_wconf 88' lang='lat' dir='ltr'><strong>quum</strong></span> <span class='ocrx_word' id='word_1_48' title='bbox 357 606 423 644; x_wconf 91' lang='lat' dir='ltr'><strong>ille</strong></span> <span class='ocrx_word' id='word_1_49' title='bbox 443 614 542 644; x_wconf 83' lang='lat' dir='ltr'><strong>esset</strong></span> <span class='ocrx_word' id='word_1_50' title='bbox 561 608 602 643; x_wconf 90' lang='lat' dir='ltr'><strong>in</strong></span> <span class='ocrx_word' id='word_1_51' title='bbox 624 605 809 656; x_wconf 63' lang='lat' dir='ltr'><strong>Phrygi-a,</strong></span> <span class='ocrx_word' id='word_1_52' title='bbox 830 608 979 657; x_wconf 90' lang='lat' dir='ltr'><strong>iterque</strong></span> <span class='ocrx_word' id='word_1_53' title='bbox 1008 609 1055 645; x_wconf 86' lang='lat' dir='ltr'><strong>ad</strong></span> <span class='ocrx_word' id='word_1_54' title='bbox 1083 621 1213 657; x_wconf 89' lang='lat' dir='ltr'><strong>regem</strong></span> <span class='ocrx_word' id='word_1_55' title='bbox 1240 618 1410 659; x_wconf 82' lang='lat' dir='ltr'><strong>pararet.</strong></span> 
     </span>
     <span class='ocr_line' id='line_1_9' title="bbox 218 659 1410 710; baseline 0.006 -15"><span class='ocrx_word' id='word_1_56' title='bbox 218 659 333 696; x_wconf 82' lang='lat' dir='ltr'><strong>Missi</strong></span> <span class='ocrx_word' id='word_1_57' title='bbox 353 660 450 698; x_wconf 84' lang='lat' dir='ltr'><strong>clam</strong></span> <span class='ocrx_word' id='word_1_58' title='bbox 472 661 673 706; x_wconf 84' lang='lat' dir='ltr'><strong>vicinitati,</strong></span> <span class='ocrx_word' id='word_1_59' title='bbox 694 661 735 697; x_wconf 91' lang='lat' dir='ltr'><strong>in</strong></span> <span class='ocrx_word' id='word_1_60' title='bbox 756 659 832 710; x_wconf 59' lang='lat' dir='ltr'><strong>qua</strong></span> <span class='ocrx_word' id='word_1_61' title='bbox 856 667 939 698; x_wconf 89' lang='lat' dir='ltr'><strong>tum</strong></span> <span class='ocrx_word' id='word_1_62' title='bbox 960 662 1182 700; x_wconf 78' lang='lat' dir='ltr'><strong>Alcibiades</strong></span> <span class='ocrx_word' id='word_1_63' title='bbox 1201 670 1296 708; x_wconf 84' lang='lat' dir='ltr'><strong>erat,</strong></span> <span class='ocrx_word' id='word_1_64' title='bbox 1316 665 1410 702; x_wconf 79' lang='lat' dir='ltr'><strong>dant</strong></span> 
     </span>
     <span class='ocr_line' id='line_1_10' title="bbox 218 714 1409 765; baseline 0.005 -16"><span class='ocrx_word' id='word_1_65' title='bbox 218 714 416 762; x_wconf 81' lang='lat' dir='ltr'><strong>negotium</strong></span> <span class='ocrx_word' id='word_1_66' title='bbox 446 720 489 751; x_wconf 88' lang='lat' dir='ltr'><strong>ut</strong></span> <span class='ocrx_word' id='word_1_67' title='bbox 518 727 608 751; x_wconf 86' lang='lat' dir='ltr'><strong>eum</strong></span> <span class='ocrx_word' id='word_1_68' title='bbox 639 714 885 753; x_wconf 85' lang='lat' dir='ltr'><strong>interficiant.</strong></span> <span class='ocrx_word' id='word_1_69' title='bbox 942 715 1020 761; x_wconf 89' lang='lat' dir='ltr'><strong>Illi,</strong></span> <span class='ocrx_word' id='word_1_70' title='bbox 1042 729 1161 765; x_wconf 87' lang='lat' dir='ltr'><strong>quum</strong></span> <span class='ocrx_word' id='word_1_71' title='bbox 1190 729 1278 754; x_wconf 90' lang='lat' dir='ltr'><strong>eum</strong></span> <span class='ocrx_word' id='word_1_72' title='bbox 1304 717 1409 755; x_wconf 89' lang='lat' dir='ltr'><strong>ferro</strong></span> 
     </span>
     <span class='ocr_line' id='line_1_11' title="bbox 218 768 1409 818; baseline 0.005 -15"><span class='ocrx_word' id='word_1_73' title='bbox 218 768 378 816; x_wconf 79' lang='lat' dir='ltr'><strong>aggredi</strong></span> <span class='ocrx_word' id='word_1_74' title='bbox 409 780 486 805; x_wconf 89' lang='lat' dir='ltr'><strong>non</strong></span> <span class='ocrx_word' id='word_1_75' title='bbox 521 769 718 813; x_wconf 85' lang='lat' dir='ltr'><strong>auderent,</strong></span> <span class='ocrx_word' id='word_1_76' title='bbox 749 775 863 806; x_wconf 87' lang='lat' dir='ltr'><strong>noctu</strong></span> <span class='ocrx_word' id='word_1_77' title='bbox 896 768 1002 818; x_wconf 89' lang='lat' dir='ltr'><strong>ligna</strong></span> <span class='ocrx_word' id='word_1_78' title='bbox 1030 770 1277 808; x_wconf 78' lang='lat' dir='ltr'><strong>contulerunt</strong></span> <span class='ocrx_word' id='word_1_79' title='bbox 1306 772 1409 809; x_wconf 83' lang='lat' dir='ltr'><strong>circa</strong></span> 
     </span>
     <span class='ocr_line' id='line_1_12' title="bbox 217 822 1410 871; baseline 0.004 -14"><span class='ocrx_word' id='word_1_80' title='bbox 217 833 344 858; x_wconf 83' lang='lat' dir='ltr'><strong>casam</strong></span> <span class='ocrx_word' id='word_1_81' title='bbox 374 834 458 858; x_wconf 86' lang='lat' dir='ltr'><strong>eam</strong></span> <span class='ocrx_word' id='word_1_82' title='bbox 490 822 531 858; x_wconf 91' lang='lat' dir='ltr'><strong>in</strong></span> <span class='ocrx_word' id='word_1_83' title='bbox 564 824 642 867; x_wconf 69' lang='lat' dir='ltr'><strong>qua</strong></span> <span class='ocrx_word' id='word_1_84' title='bbox 673 822 904 870; x_wconf 85' lang='lat' dir='ltr'><strong>quiescebat,</strong></span> <span class='ocrx_word' id='word_1_85' title='bbox 926 835 1084 871; x_wconf 87' lang='lat' dir='ltr'><strong>eamque</strong></span> <span class='ocrx_word' id='word_1_86' title='bbox 1112 825 1410 870; x_wconf 84' lang='lat' dir='ltr'><strong>succenderunt,</strong></span> 
     </span>
     <span class='ocr_line' id='line_1_13' title="bbox 218 875 1408 927; baseline 0.004 -17"><span class='ocrx_word' id='word_1_87' title='bbox 218 880 261 910; x_wconf 91' lang='lat' dir='ltr'><strong>ut</strong></span> <span class='ocrx_word' id='word_1_88' title='bbox 290 875 469 912; x_wconf 88' lang='lat' dir='ltr'><strong>incendio</strong></span> <span class='ocrx_word' id='word_1_89' title='bbox 499 876 742 921; x_wconf 86' lang='lat' dir='ltr'><strong>conficerent,</strong></span> <span class='ocrx_word' id='word_1_90' title='bbox 780 888 895 925; x_wconf 90' lang='lat' dir='ltr'><strong>quem</strong></span> <span class='ocrx_word' id='word_1_91' title='bbox 932 889 1049 914; x_wconf 87' lang='lat' dir='ltr'><strong>manu</strong></span> <span class='ocrx_word' id='word_1_92' title='bbox 1085 877 1259 926; x_wconf 87' lang='lat' dir='ltr'><strong>superari</strong></span> <span class='ocrx_word' id='word_1_93' title='bbox 1279 876 1408 927; x_wconf 62' lang='lat' dir='ltr'><strong>:posse</strong></span> 
     </span>
     <span class='ocr_line' id='line_1_14' title="bbox 217 928 1407 978; baseline 0.005 -15"><span class='ocrx_word' id='word_1_94' title='bbox 217 928 456 965; x_wconf 84' lang='lat' dir='ltr'><strong>diffidebant.</strong></span> <span class='ocrx_word' id='word_1_95' title='bbox 526 929 600 966; x_wconf 89' lang='lat' dir='ltr'><strong>Ille</strong></span> <span class='ocrx_word' id='word_1_96' title='bbox 636 936 774 973; x_wconf 85' lang='lat' dir='ltr'><strong>autem,</strong></span> <span class='ocrx_word' id='word_1_97' title='bbox 813 930 944 967; x_wconf 88' lang='lat' dir='ltr'><strong>sonitu</strong></span> <span class='ocrx_word' id='word_1_98' title='bbox 980 930 1156 968; x_wconf 84' lang='lat' dir='ltr'><strong>flammae</strong></span> <span class='ocrx_word' id='word_1_99' title='bbox 1202 931 1407 978; x_wconf 84' lang='lat' dir='ltr'><strong>excitatus,</strong></span> 
     </span>
     <span class='ocr_line' id='line_1_15' title="bbox 215 982 1409 1031; baseline 0.004 -13"><span class='ocrx_word' id='word_1_100' title='bbox 215 982 319 1030; x_wconf 91' lang='lat' dir='ltr'><strong>quod</strong></span> <span class='ocrx_word' id='word_1_101' title='bbox 337 982 490 1031; x_wconf 75' lang='lat' dir='ltr'><strong>gladius</strong></span> <span class='ocrx_word' id='word_1_102' title='bbox 509 983 544 1020; x_wconf 89' lang='lat' dir='ltr'><strong>ei</strong></span> <span class='ocrx_word' id='word_1_103' title='bbox 564 989 645 1020; x_wconf 82' lang='lat' dir='ltr'><strong>erat</strong></span> <span class='ocrx_word' id='word_1_104' title='bbox 674 983 897 1029; x_wconf 88' lang='lat' dir='ltr'><strong>subductus,</strong></span> <span class='ocrx_word' id='word_1_105' title='bbox 916 982 1117 1021; x_wconf 84' lang='lat' dir='ltr'><strong>familiaris</strong></span> <span class='ocrx_word' id='word_1_106' title='bbox 1143 984 1204 1021; x_wconf 89' lang='lat' dir='ltr'><strong>sui</strong></span> <span class='ocrx_word' id='word_1_107' title='bbox 1232 984 1409 1023; x_wconf 82' lang='lat' dir='ltr'><strong>subalare</strong></span> 
     </span>
     <span class='ocr_line' id='line_1_16' title="bbox 216 1035 1408 1085; baseline 0.004 -14"><span class='ocrx_word' id='word_1_108' title='bbox 216 1035 332 1072; x_wconf 84' lang='lat' dir='ltr'><strong>telum</strong></span> <span class='ocrx_word' id='word_1_109' title='bbox 348 1036 502 1085; x_wconf 83' lang='lat' dir='ltr'><strong>eripuit.</strong></span> <span class='ocrx_word' id='word_1_110' title='bbox 559 1036 737 1085; x_wconf 87' lang='lat' dir='ltr'><strong>Namque</strong></span> <span class='ocrx_word' id='word_1_111' title='bbox 748 1043 831 1074; x_wconf 81' lang='lat' dir='ltr'><strong>erat</strong></span> <span class='ocrx_word' id='word_1_112' title='bbox 845 1050 933 1074; x_wconf 85' lang='lat' dir='ltr'><strong>cum</strong></span> <span class='ocrx_word' id='word_1_113' title='bbox 948 1050 992 1074; x_wconf 95' lang='lat' dir='ltr'><strong>eo</strong></span> <span class='ocrx_word' id='word_1_114' title='bbox 1007 1038 1160 1085; x_wconf 85' lang='lat' dir='ltr'><strong>quidam</strong></span> <span class='ocrx_word' id='word_1_115' title='bbox 1173 1050 1223 1076; x_wconf 85' lang='lat' dir='ltr'><strong>ex</strong></span> <span class='ocrx_word' id='word_1_116' title='bbox 1236 1036 1408 1076; x_wconf 56' lang='lat' dir='ltr'><strong>Arcadia</strong></span> 
     </span>
     <span class='ocr_line' id='line_1_17' title="bbox 216 1089 1408 1139; baseline 0.003 -14"><span class='ocrx_word' id='word_1_117' title='bbox 216 1089 365 1138; x_wconf 80' lang='lat' dir='ltr'><strong>hospes,</strong></span> <span class='ocrx_word' id='word_1_118' title='bbox 387 1090 454 1139; x_wconf 87' lang='lat' dir='ltr'><strong>qui</strong></span> <span class='ocrx_word' id='word_1_119' title='bbox 474 1102 673 1139; x_wconf 86' lang='lat' dir='ltr'><strong>nunquam</strong></span> <span class='ocrx_word' id='word_1_120' title='bbox 701 1090 897 1128; x_wconf 84' lang='lat' dir='ltr'><strong>discedere</strong></span> <span class='ocrx_word' id='word_1_121' title='bbox 916 1091 1103 1128; x_wconf 81' lang='lat' dir='ltr'><strong>voluerat.</strong></span> <span class='ocrx_word' id='word_1_122' title='bbox 1162 1091 1280 1129; x_wconf 89' lang='lat' dir='ltr'><strong>Hunc</strong></span> <span class='ocrx_word' id='word_1_123' title='bbox 1301 1093 1408 1138; x_wconf 86' lang='lat' dir='ltr'><strong>sequi</strong></span> 
     </span>
     <span class='ocr_line' id='line_1_18' title="bbox 216 1142 1408 1193; baseline 0.003 -14"><span class='ocrx_word' id='word_1_124' title='bbox 216 1155 255 1180; x_wconf 87' lang='lat' dir='ltr'><strong>se</strong></span> <span class='ocrx_word' id='word_1_125' title='bbox 269 1142 394 1190; x_wconf 82' lang='lat' dir='ltr'><strong>jubet,</strong></span> <span class='ocrx_word' id='word_1_126' title='bbox 415 1149 454 1181; x_wconf 83' lang='lat' dir='ltr'><strong>et</strong></span> <span class='ocrx_word' id='word_1_127' title='bbox 481 1144 521 1180; x_wconf 91' lang='lat' dir='ltr'><strong>id</strong></span> <span class='ocrx_word' id='word_1_128' title='bbox 549 1145 652 1193; x_wconf 87' lang='lat' dir='ltr'><strong>quod</strong></span> <span class='ocrx_word' id='word_1_129' title='bbox 679 1144 721 1181; x_wconf 90' lang='lat' dir='ltr'><strong>in</strong></span> <span class='ocrx_word' id='word_1_130' title='bbox 748 1144 967 1193; x_wconf 71' lang='lat' dir='ltr'><strong>praesentia</strong></span> <span class='ocrx_word' id='word_1_131' title='bbox 993 1145 1312 1183; x_wconf 85' lang='lat' dir='ltr'><strong>vestimentorum</strong></span> <span class='ocrx_word' id='word_1_132' title='bbox 1330 1145 1408 1183; x_wconf 79' lang='lat' dir='ltr'><strong>fuit</strong></span> 
     </span>
     <span class='ocr_line' id='line_1_19' title="bbox 215 1197 1407 1247; baseline 0.002 -14"><span class='ocrx_word' id='word_1_133' title='bbox 215 1197 394 1246; x_wconf 84' lang='lat' dir='ltr'><strong>arripuit.</strong></span> <span class='ocrx_word' id='word_1_134' title='bbox 452 1197 527 1235; x_wconf 86' lang='lat' dir='ltr'><strong>His</strong></span> <span class='ocrx_word' id='word_1_135' title='bbox 545 1198 586 1234; x_wconf 91' lang='lat' dir='ltr'><strong>in</strong></span> <span class='ocrx_word' id='word_1_136' title='bbox 605 1198 736 1247; x_wconf 85' lang='lat' dir='ltr'><strong>ignem</strong></span> <span class='ocrx_word' id='word_1_137' title='bbox 764 1197 907 1246; x_wconf 87' lang='lat' dir='ltr'><strong>ejectis,</strong></span> <span class='ocrx_word' id='word_1_138' title='bbox 925 1198 1102 1236; x_wconf 88' lang='lat' dir='ltr'><strong>fiammae</strong></span> <span class='ocrx_word' id='word_1_139' title='bbox 1129 1199 1210 1236; x_wconf 90' lang='lat' dir='ltr'><strong>vim</strong></span> <span class='ocrx_word' id='word_1_140' title='bbox 1237 1199 1407 1236; x_wconf 85' lang='lat' dir='ltr'><strong>transiit.</strong></span> 
     </span>
     <span class='ocr_line' id='line_1_20' title="bbox 218 1248 1407 1300; baseline 0.002 -13"><span class='ocrx_word' id='word_1_141' title='bbox 218 1248 341 1295; x_wconf 85' lang='lat' dir='ltr'><strong>Quem</strong></span> <span class='ocrx_word' id='word_1_142' title='bbox 361 1256 405 1288; x_wconf 87' lang='lat' dir='ltr'><strong>ut</strong></span> <span class='ocrx_word' id='word_1_143' title='bbox 423 1251 577 1288; x_wconf 86' lang='lat' dir='ltr'><strong>barbari</strong></span> <span class='ocrx_word' id='word_1_144' title='bbox 597 1251 818 1289; x_wconf 87' lang='lat' dir='ltr'><strong>incendium</strong></span> <span class='ocrx_word' id='word_1_145' title='bbox 839 1251 1020 1300; x_wconf 84' lang='lat' dir='ltr'><strong>effugisse</strong></span> <span class='ocrx_word' id='word_1_146' title='bbox 1040 1252 1236 1297; x_wconf 87' lang='lat' dir='ltr'><strong>viderunt,</strong></span> <span class='ocrx_word' id='word_1_147' title='bbox 1256 1253 1407 1290; x_wconf 88' lang='lat' dir='ltr'><strong>eminus</strong></span> 
     </span>
     <span class='ocr_line' id='line_1_21' title="bbox 213 1304 1406 1354; baseline 0.003 -14"><span class='ocrx_word' id='word_1_148' title='bbox 213 1304 302 1341; x_wconf 85' lang='lat' dir='ltr'><strong>telis</strong></span> <span class='ocrx_word' id='word_1_149' title='bbox 335 1304 459 1341; x_wconf 87' lang='lat' dir='ltr'><strong>missis</strong></span> <span class='ocrx_word' id='word_1_150' title='bbox 491 1304 783 1350; x_wconf 85' lang='lat' dir='ltr'><strong>interfecerunt,</strong></span> <span class='ocrx_word' id='word_1_151' title='bbox 814 1312 1003 1354; x_wconf 80' lang='lat' dir='ltr'><strong>caputque</strong></span> <span class='ocrx_word' id='word_1_152' title='bbox 1033 1305 1116 1352; x_wconf 85' lang='lat' dir='ltr'><strong>ejus</strong></span> <span class='ocrx_word' id='word_1_153' title='bbox 1147 1306 1195 1342; x_wconf 89' lang='lat' dir='ltr'><strong>ad</strong></span> <span class='ocrx_word' id='word_1_154' title='bbox 1228 1306 1406 1344; x_wconf 86' lang='lat' dir='ltr'><strong>Pharna.-</strong></span> 
     </span>
     <span class='ocr_line' id='line_1_22' title="bbox 216 1357 1407 1406; baseline 0.003 -12"><span class='ocrx_word' id='word_1_155' title='bbox 216 1357 352 1394; x_wconf 86' lang='lat' dir='ltr'><strong>bazum</strong></span> <span class='ocrx_word' id='word_1_156' title='bbox 383 1357 610 1395; x_wconf 84' lang='lat' dir='ltr'><strong>retulerunt.</strong></span> <span class='ocrx_word' id='word_1_157' title='bbox 668 1359 726 1395; x_wconf 86' lang='lat' dir='ltr'><strong>At</strong></span> <span class='ocrx_word' id='word_1_158' title='bbox 763 1359 912 1404; x_wconf 88' lang='lat' dir='ltr'><strong>mulier,</strong></span> <span class='ocrx_word' id='word_1_159' title='bbox 947 1371 1046 1406; x_wconf 82' lang='lat' dir='ltr'><strong>quae</strong></span> <span class='ocrx_word' id='word_1_160' title='bbox 1074 1371 1162 1396; x_wconf 87' lang='lat' dir='ltr'><strong>cum</strong></span> <span class='ocrx_word' id='word_1_161' title='bbox 1195 1371 1240 1396; x_wconf 88' lang='lat' dir='ltr'><strong>eo</strong></span> <span class='ocrx_word' id='word_1_162' title='bbox 1271 1360 1407 1397; x_wconf 88' lang='lat' dir='ltr'><strong>vivere</strong></span> 
     </span>
     <span class='ocr_line' id='line_1_23' title="bbox 214 1411 1406 1457; baseline 0.003 -9"><span class='ocrx_word' id='word_1_163' title='bbox 214 1417 481 1455; x_wconf 83' lang='lat' dir='ltr'><strong>consueverat,</strong></span> <span class='ocrx_word' id='word_1_164' title='bbox 517 1412 696 1449; x_wconf 87' lang='lat' dir='ltr'><strong>muliebri</strong></span> <span class='ocrx_word' id='word_1_165' title='bbox 729 1411 799 1449; x_wconf 56' lang='lat' dir='ltr'><strong>suit</strong></span> <span class='ocrx_word' id='word_1_166' title='bbox 836 1418 943 1449; x_wconf 84' lang='lat' dir='ltr'><strong>veste</strong></span> <span class='ocrx_word' id='word_1_167' title='bbox 979 1417 1206 1457; x_wconf 82' lang='lat' dir='ltr'><strong>contectum,</strong></span> <span class='ocrx_word' id='word_1_168' title='bbox 1241 1413 1406 1451; x_wconf 86' lang='lat' dir='ltr'><strong>aedificii</strong></span> 
     </span>
     <span class='ocr_line' id='line_1_24' title="bbox 214 1465 1405 1514; baseline 0.002 -13"><span class='ocrx_word' id='word_1_169' title='bbox 214 1465 392 1503; x_wconf 89' lang='lat' dir='ltr'><strong>incendio</strong></span> <span class='ocrx_word' id='word_1_170' title='bbox 411 1471 605 1502; x_wconf 90' lang='lat' dir='ltr'><strong>mortuum</strong></span> <span class='ocrx_word' id='word_1_171' title='bbox 625 1467 821 1511; x_wconf 79' lang='lat' dir='ltr'><strong>cremavit,</strong></span> <span class='ocrx_word' id='word_1_172' title='bbox 843 1466 944 1514; x_wconf 85' lang='lat' dir='ltr'><strong>quod</strong></span> <span class='ocrx_word' id='word_1_173' title='bbox 960 1466 1008 1502; x_wconf 84' lang='lat' dir='ltr'><strong>ad</strong></span> <span class='ocrx_word' id='word_1_174' title='bbox 1027 1466 1164 1503; x_wconf 83' lang='lat' dir='ltr'><strong>vivum</strong></span> <span class='ocrx_word' id='word_1_175' title='bbox 1178 1466 1405 1504; x_wconf 83' lang='lat' dir='ltr'><strong>interimen-</strong></span> 
     </span>
     <span class='ocr_line' id='line_1_25' title="bbox 213 1518 1407 1568; baseline 0.002 -13"><span class='ocrx_word' id='word_1_176' title='bbox 213 1519 305 1555; x_wconf 91' lang='lat' dir='ltr'><strong>dum</strong></span> <span class='ocrx_word' id='word_1_177' title='bbox 326 1526 407 1556; x_wconf 82' lang='lat' dir='ltr'><strong>erat</strong></span> <span class='ocrx_word' id='word_1_178' title='bbox 433 1525 706 1568; x_wconf 82' lang='lat' dir='ltr'><strong>comparatum.</strong></span> <span class='ocrx_word' id='word_1_179' title='bbox 766 1519 831 1556; x_wconf 82' lang='lat' dir='ltr'><strong>Sic</strong></span> <span class='ocrx_word' id='word_1_180' title='bbox 849 1518 1083 1563; x_wconf 79' lang='lat' dir='ltr'><strong>Alcibiades,</strong></span> <span class='ocrx_word' id='word_1_181' title='bbox 1105 1532 1224 1558; x_wconf 89' lang='lat' dir='ltr'><strong>annos</strong></span> <span class='ocrx_word' id='word_1_182' title='bbox 1252 1520 1407 1559; x_wconf 80' lang='lat' dir='ltr'><strong>circiter</strong></span> 
     </span>
     <span class='ocr_line' id='line_1_26' title="bbox 205 1573 1106 1622; baseline -0.002 -12"><span class='ocrx_word' id='word_1_183' title='bbox 205 1573 468 1622; x_wconf 76' lang='lat' dir='ltr'><strong>quadraginta</strong></span> <span class='ocrx_word' id='word_1_184' title='bbox 488 1580 612 1618; x_wconf 84' lang='lat' dir='ltr'><strong>natus,</strong></span> <span class='ocrx_word' id='word_1_185' title='bbox 635 1573 736 1610; x_wconf 86' lang='lat' dir='ltr'><strong>diem</strong></span> <span class='ocrx_word' id='word_1_186' title='bbox 755 1573 851 1610; x_wconf 82' lang='lat' dir='ltr'><strong>obiit</strong></span> <span class='ocrx_word' id='word_1_187' title='bbox 871 1585 1106 1622; x_wconf 86' lang='lat' dir='ltr'><strong>supremum.</strong></span> 
     </span>
    </p>
   </div>
   <div class='ocr_carea' id='block_1_3' title="bbox 729 1659 888 1666">
    <p class='ocr_par' dir='ltr' id='par_1_3' title="bbox 729 1659 888 1666">
     <span class='ocr_line' id='line_1_27' title="bbox 729 1659 888 1666; baseline 0 0"><span class='ocrx_word' id='word_1_188' title='bbox 729 1659 888 1666; x_wconf 95' lang='lat' dir='ltr'><strong> </strong></span> 
     </span>
    </p>
   </div>
   <div class='ocr_carea' id='block_1_4' title="bbox 320 1712 1296 1762">
    <p class='ocr_par' dir='ltr' id='par_1_4' title="bbox 320 1712 1296 1762">
     <span class='ocr_line' id='line_1_28' title="bbox 320 1712 1296 1762; baseline -0.002 -10"><span class='ocrx_word' id='word_1_189' title='bbox 320 1714 419 1753; x_wconf 77' lang='lat' dir='ltr'>CAP.</span> <span class='ocrx_word' id='word_1_190' title='bbox 450 1714 528 1752; x_wconf 82' lang='lat' dir='ltr'><strong>XI.</strong></span> <span class='ocrx_word' id='word_1_191' title='bbox 585 1712 802 1751; x_wconf 75' lang='lat' dir='ltr'><strong>Alcibiades</strong></span> <span class='ocrx_word' id='word_1_192' title='bbox 820 1712 1036 1762; x_wconf 81' lang='lat' dir='ltr'><strong>infamatus</strong></span> <span class='ocrx_word' id='word_1_193' title='bbox 1050 1719 1086 1750; x_wconf 83' lang='lat' dir='ltr'><strong>et</strong></span> <span class='ocrx_word' id='word_1_194' title='bbox 1103 1713 1296 1750; x_wconf 77' lang='lat' dir='ltr'><strong>laudatus.</strong></span> 
     </span>
    </p>
   </div>
   <div class='ocr_carea' id='block_1_5' title="bbox 210 1788 1408 2160">
    <p class='ocr_par' dir='ltr' id='par_1_5' title="bbox 210 1788 1408 2160">
     <span class='ocr_line' id='line_1_29' title="bbox 267 1788 1405 1838; baseline -0.001 -11"><span class='ocrx_word' id='word_1_195' title='bbox 267 1789 393 1827; x_wconf 61' lang='lat' dir='ltr'><strong>Hmvo</strong></span> <span class='ocrx_word' id='word_1_196' title='bbox 416 1789 642 1826; x_wconf 81' lang='lat' dir='ltr'><strong>infamatum</strong></span> <span class='ocrx_word' id='word_1_197' title='bbox 664 1801 686 1826; x_wconf 85' lang='lat' dir='ltr'><strong>a</strong></span> <span class='ocrx_word' id='word_1_198' title='bbox 704 1788 908 1838; x_wconf 79' lang='lat' dir='ltr'><strong>plerisque,</strong></span> <span class='ocrx_word' id='word_1_199' title='bbox 929 1794 1008 1826; x_wconf 87' lang='lat' dir='ltr'><strong>tres</strong></span> <span class='ocrx_word' id='word_1_200' title='bbox 1035 1788 1256 1837; x_wconf 87' lang='lat' dir='ltr'><strong>gravissimi</strong></span> <span class='ocrx_word' id='word_1_201' title='bbox 1284 1789 1405 1827; x_wconf 85' lang='lat' dir='ltr'><strong>histo.-</strong></span> 
     </span>
     <span class='ocr_line' id='line_1_30' title="bbox 212 1843 1406 1892; baseline -0.001 -12"><span class='ocrx_word' id='word_1_202' title='bbox 212 1844 284 1881; x_wconf 85' lang='lat' dir='ltr'><strong>rici</strong></span> <span class='ocrx_word' id='word_1_203' title='bbox 320 1844 480 1881; x_wconf 87' lang='lat' dir='ltr'><strong>summis</strong></span> <span class='ocrx_word' id='word_1_204' title='bbox 517 1843 695 1880; x_wconf 86' lang='lat' dir='ltr'><strong>laudibus</strong></span> <span class='ocrx_word' id='word_1_205' title='bbox 741 1843 992 1880; x_wconf 85' lang='lat' dir='ltr'><strong>extulerunt:</strong></span> <span class='ocrx_word' id='word_1_206' title='bbox 1032 1843 1291 1892; x_wconf 85' lang='lat' dir='ltr'><strong>Thucydides,</strong></span> <span class='ocrx_word' id='word_1_207' title='bbox 1338 1844 1406 1892; x_wconf 91' lang='lat' dir='ltr'><strong>qui</strong></span> 
     </span>
     <span class='ocr_line' id='line_1_31' title="bbox 212 1896 1405 1946; baseline 0 -12"><span class='ocrx_word' id='word_1_208' title='bbox 212 1897 384 1946; x_wconf 87' lang='lat' dir='ltr'><strong>ejusdem</strong></span> <span class='ocrx_word' id='word_1_209' title='bbox 428 1897 565 1934; x_wconf 85' lang='lat' dir='ltr'><strong>aetatis</strong></span> <span class='ocrx_word' id='word_1_210' title='bbox 609 1896 712 1939; x_wconf 81' lang='lat' dir='ltr'><strong>fuit3</strong></span> <span class='ocrx_word' id='word_1_211' title='bbox 762 1896 1045 1945; x_wconf 86' lang='lat' dir='ltr'><strong>Theopompus,</strong></span> <span class='ocrx_word' id='word_1_212' title='bbox 1092 1897 1159 1944; x_wconf 90' lang='lat' dir='ltr'><strong>qui</strong></span> <span class='ocrx_word' id='word_1_213' title='bbox 1204 1896 1280 1933; x_wconf 86' lang='lat' dir='ltr'><strong>fuit</strong></span> <span class='ocrx_word' id='word_1_214' title='bbox 1318 1902 1405 1946; x_wconf 83' lang='lat' dir='ltr'><strong>post</strong></span> 
     </span>
     <span class='ocr_line' id='line_1_32' title="bbox 211 1949 1406 1998; baseline 0.001 -11"><span class='ocrx_word' id='word_1_215' title='bbox 211 1951 408 1998; x_wconf 76' lang='lat' dir='ltr'><strong>aliquanto</strong></span> <span class='ocrx_word' id='word_1_216' title='bbox 438 1957 569 1994; x_wconf 83' lang='lat' dir='ltr'><strong>natus3</strong></span> <span class='ocrx_word' id='word_1_217' title='bbox 607 1957 646 1987; x_wconf 89' lang='lat' dir='ltr'><strong>et</strong></span> <span class='ocrx_word' id='word_1_218' title='bbox 675 1950 873 1987; x_wconf 84' lang='lat' dir='ltr'><strong>Timaeus:</strong></span> <span class='ocrx_word' id='word_1_219' title='bbox 903 1949 970 1998; x_wconf 89' lang='lat' dir='ltr'><strong>qui</strong></span> <span class='ocrx_word' id='word_1_220' title='bbox 998 1950 1150 1997; x_wconf 87' lang='lat' dir='ltr'><strong>quidem</strong></span> <span class='ocrx_word' id='word_1_221' title='bbox 1179 1950 1255 1987; x_wconf 90' lang='lat' dir='ltr'><strong>duo</strong></span> <span class='ocrx_word' id='word_1_222' title='bbox 1287 1951 1406 1988; x_wconf 86' lang='lat' dir='ltr'><strong>male·</strong></span> 
     </span>
     <span class='ocr_line' id='line_1_33' title="bbox 211 2003 1408 2052; baseline 0 -11"><span class='ocrx_word' id='word_1_223' title='bbox 211 2005 475 2049; x_wconf 72' lang='lat' dir='ltr'><strong>dicenfissimi,</strong></span> <span class='ocrx_word' id='word_1_224' title='bbox 511 2004 639 2041; x_wconf 85' lang='lat' dir='ltr'><strong>nescio</strong></span> <span class='ocrx_word' id='word_1_225' title='bbox 674 2016 747 2052; x_wconf 88' lang='lat' dir='ltr'><strong>quo</strong></span> <span class='ocrx_word' id='word_1_226' title='bbox 775 2004 898 2048; x_wconf 88' lang='lat' dir='ltr'><strong>modo,</strong></span> <span class='ocrx_word' id='word_1_227' title='bbox 932 2003 974 2040; x_wconf 88' lang='lat' dir='ltr'><strong>in</strong></span> <span class='ocrx_word' id='word_1_228' title='bbox 1005 2003 1072 2041; x_wconf 89' lang='lat' dir='ltr'><strong>illo</strong></span> <span class='ocrx_word' id='word_1_229' title='bbox 1111 2016 1187 2040; x_wconf 91' lang='lat' dir='ltr'><strong>uno</strong></span> <span class='ocrx_word' id='word_1_230' title='bbox 1215 2004 1408 2041; x_wconf 86' lang='lat' dir='ltr'><strong>laudando</strong></span> 
     </span>
     <span class='ocr_line' id='line_1_34' title="bbox 210 2057 1406 2106; baseline 0 -11"><span class='ocrx_word' id='word_1_231' title='bbox 210 2064 501 2095; x_wconf 83' lang='lat' dir='ltr'><strong>consenserunt.</strong></span> <span class='ocrx_word' id='word_1_232' title='bbox 558 2057 661 2094; x_wconf 85' lang='lat' dir='ltr'><strong>Nam</strong></span> <span class='ocrx_word' id='word_1_233' title='bbox 699 2070 743 2094; x_wconf 85' lang='lat' dir='ltr'><strong>ea</strong></span> <span class='ocrx_word' id='word_1_234' title='bbox 782 2069 877 2105; x_wconf 88' lang='lat' dir='ltr'><strong>quae</strong></span> <span class='ocrx_word' id='word_1_235' title='bbox 915 2070 1032 2106; x_wconf 83' lang='lat' dir='ltr'><strong>supra</strong></span> <span class='ocrx_word' id='word_1_236' title='bbox 1069 2057 1238 2094; x_wconf 83' lang='lat' dir='ltr'><strong>diximus</strong></span> <span class='ocrx_word' id='word_1_237' title='bbox 1276 2058 1324 2095; x_wconf 91' lang='lat' dir='ltr'><strong>de</strong></span> <span class='ocrx_word' id='word_1_238' title='bbox 1360 2070 1406 2095; x_wconf 91' lang='lat' dir='ltr'><strong>eo</strong></span> 
     </span>
     <span class='ocr_line' id='line_1_35' title="bbox 210 2110 1405 2160; baseline -0.001 -12"><span class='ocrx_word' id='word_1_239' title='bbox 210 2110 492 2160; x_wconf 62' lang='lat' dir='ltr'><strong>praedicarunt,</strong></span> <span class='ocrx_word' id='word_1_240' title='bbox 520 2117 633 2159; x_wconf 83' lang='lat' dir='ltr'><strong>atque</strong></span> <span class='ocrx_word' id='word_1_241' title='bbox 661 2111 733 2147; x_wconf 84' lang='lat' dir='ltr'><strong>hoc</strong></span> <span class='ocrx_word' id='word_1_242' title='bbox 753 2111 931 2159; x_wconf 82' lang='lat' dir='ltr'><strong>amplius:</strong></span> <span class='ocrx_word' id='word_1_243' title='bbox 961 2123 1080 2159; x_wconf 75' lang='lat' dir='ltr'><strong>quum</strong></span> <span class='ocrx_word' id='word_1_244' title='bbox 1102 2111 1262 2148; x_wconf 73' lang='lat' dir='ltr'><strong>Athenis</strong></span> <span class='ocrx_word' id='word_1_245' title='bbox 1280 2111 1405 2160; x_wconf 75' lang='lat' dir='ltr'><strong>splen-</strong></span> 
     </span>
    </p>
   </div>
   <div class='ocr_carea' id='block_1_6' title="bbox 210 2163 1406 2215">
    <p class='ocr_par' dir='ltr' id='par_1_6' title="bbox 210 2163 1406 2215">
     <span class='ocr_line' id='line_1_36' title="bbox 210 2163 1406 2215; baseline 0 -14"><span class='ocrx_word' id='word_1_246' title='bbox 210 2163 407 2201; x_wconf 71' lang='lat' dir='ltr'><strong>didissimc‘z</strong></span> <span class='ocrx_word' id='word_1_247' title='bbox 426 2165 578 2201; x_wconf 76' lang='lat' dir='ltr'><strong>civitate</strong></span> <span class='ocrx_word' id='word_1_248' title='bbox 598 2170 710 2201; x_wconf 77' lang='lat' dir='ltr'><strong>natus</strong></span> <span class='ocrx_word' id='word_1_249' title='bbox 728 2170 830 2207; x_wconf 81' lang='lat' dir='ltr'><strong>esset,</strong></span> <span class='ocrx_word' id='word_1_250' title='bbox 851 2176 978 2200; x_wconf 77' lang='lat' dir='ltr'><strong>omnes</strong></span> <span class='ocrx_word' id='word_1_251' title='bbox 1003 2163 1252 2201; x_wconf 69' lang='lat' dir='ltr'><strong>Athenienses</strong></span> <span class='ocrx_word' id='word_1_252' title='bbox 1278 2165 1406 2215; x_wconf 77' lang='lat' dir='ltr'><strong>splen-</strong></span> 
     </span>
    </p>
   </div>
   <div class='ocr_carea' id='block_1_7' title="bbox 209 2216 1408 2483">
    <p class='ocr_par' dir='ltr' id='par_1_7' title="bbox 209 2216 1408 2483">
     <span class='ocr_line' id='line_1_37' title="bbox 209 2216 1408 2268; baseline 0 -13"><span class='ocrx_word' id='word_1_253' title='bbox 209 2219 301 2255; x_wconf 81' lang='lat' dir='ltr'><strong>dore</strong></span> <span class='ocrx_word' id='word_1_254' title='bbox 339 2231 386 2255; x_wconf 83' lang='lat' dir='ltr'><strong>ac</strong></span> <span class='ocrx_word' id='word_1_255' title='bbox 423 2219 608 2265; x_wconf 75' lang='lat' dir='ltr'><strong>diqnitate</strong></span> <span class='ocrx_word' id='word_1_256' title='bbox 653 2219 752 2254; x_wconf 75' lang='lat' dir='ltr'><strong>vitae</strong></span> <span class='ocrx_word' id='word_1_257' title='bbox 793 2216 1006 2267; x_wconf 64' lang='lat' dir='ltr'><strong>super-[isse.</strong></span> <span class='ocrx_word' id='word_1_258' title='bbox 1060 2218 1272 2268; x_wconf 82' lang='lat' dir='ltr'><strong>Postquam</strong></span> <span class='ocrx_word' id='word_1_259' title='bbox 1316 2218 1408 2255; x_wconf 78' lang='lat' dir='ltr'><strong>inde</strong></span> 
     </span>
     <span class='ocr_line' id='line_1_38' title="bbox 211 2270 1405 2321; baseline -0.001 -13"><span class='ocrx_word' id='word_1_260' title='bbox 211 2271 388 2321; x_wconf 76' lang='lat' dir='ltr'><strong>expulsus</strong></span> <span class='ocrx_word' id='word_1_261' title='bbox 416 2270 572 2308; x_wconf 74' lang='lat' dir='ltr'><strong>Thebasv</strong></span> <span class='ocrx_word' id='word_1_262' title='bbox 585 2272 742 2317; x_wconf 72' lang='lat' dir='ltr'><strong>venerit,</strong></span> <span class='ocrx_word' id='word_1_263' title='bbox 766 2271 861 2308; x_wconf 80' lang='lat' dir='ltr'><strong>adeo</strong></span> <span class='ocrx_word' id='word_1_264' title='bbox 880 2272 1018 2308; x_wconf 81' lang='lat' dir='ltr'><strong>studiis</strong></span> <span class='ocrx_word' id='word_1_265' title='bbox 1045 2283 1176 2308; x_wconf 69' lang='lat' dir='ltr'><strong>eorum</strong></span> <span class='ocrx_word' id='word_1_266' title='bbox 1195 2271 1405 2317; x_wconf 69' lang='lat' dir='ltr'><strong>inservisse,</strong></span> 
     </span>
     <span class='ocr_line' id='line_1_39' title="bbox 211 2324 1406 2375; baseline -0.002 -13"><span class='ocrx_word' id='word_1_267' title='bbox 211 2333 254 2362; x_wconf 78' lang='lat' dir='ltr'><strong>uc</strong></span> <span class='ocrx_word' id='word_1_268' title='bbox 276 2339 384 2362; x_wconf 79' lang='lat' dir='ltr'><strong>nemo</strong></span> <span class='ocrx_word' id='word_1_269' title='bbox 413 2338 495 2362; x_wconf 83' lang='lat' dir='ltr'><strong>eum</strong></span> <span class='ocrx_word' id='word_1_270' title='bbox 527 2324 654 2362; x_wconf 79' lang='lat' dir='ltr'><strong>labore</strong></span> <span class='ocrx_word' id='word_1_271' title='bbox 679 2326 924 2374; x_wconf 76' lang='lat' dir='ltr'><strong>corporisque</strong></span> <span class='ocrx_word' id='word_1_272' title='bbox 958 2325 1104 2362; x_wconf 75' lang='lat' dir='ltr'><strong>viribus</strong></span> <span class='ocrx_word' id='word_1_273' title='bbox 1128 2330 1253 2375; x_wconf 78' lang='lat' dir='ltr'><strong>posset</strong></span> <span class='ocrx_word' id='word_1_274' title='bbox 1277 2326 1406 2373; x_wconf 79' lang='lat' dir='ltr'><strong>aequi-</strong></span> 
     </span>
     <span class='ocr_line' id='line_1_40' title="bbox 209 2378 1406 2429; baseline -0.001 -13"><span class='ocrx_word' id='word_1_275' title='bbox 209 2393 384 2429; x_wconf 82' lang='lat' dir='ltr'><strong>parare:</strong></span> <span class='ocrx_word' id='word_1_276' title='bbox 412 2392 543 2417; x_wconf 88' lang='lat' dir='ltr'><strong>omnes</strong></span> <span class='ocrx_word' id='word_1_277' title='bbox 575 2379 677 2416; x_wconf 88' lang='lat' dir='ltr'><strong>enim</strong></span> <span class='ocrx_word' id='word_1_278' title='bbox 708 2378 862 2415; x_wconf 83' lang='lat' dir='ltr'><strong>Boeotii</strong></span> <span class='ocrx_word' id='word_1_279' title='bbox 893 2380 1017 2428; x_wconf 86' lang='lat' dir='ltr'><strong>magis</strong></span> <span class='ocrx_word' id='word_1_280' title='bbox 1039 2379 1213 2416; x_wconf 86' lang='lat' dir='ltr'><strong>firmitati</strong></span> <span class='ocrx_word' id='word_1_281' title='bbox 1234 2378 1406 2426; x_wconf 86' lang='lat' dir='ltr'><strong>corporis</strong></span> 
     </span>
     <span class='ocr_line' id='line_1_41' title="bbox 212 2430 1406 2483; baseline -0.003 -12"><span class='ocrx_word' id='word_1_282' title='bbox 212 2446 324 2482; x_wconf 70' lang='lat' dir='ltr'><strong>quam</strong></span> <span class='ocrx_word' id='word_1_283' title='bbox 345 2433 493 2483; x_wconf 85' lang='lat' dir='ltr'><strong>ingenii</strong></span> <span class='ocrx_word' id='word_1_284' title='bbox 509 2433 674 2471; x_wconf 80' lang='lat' dir='ltr'><strong>acumini</strong></span> <span class='ocrx_word' id='word_1_285' title='bbox 691 2432 918 2470; x_wconf 79' lang='lat' dir='ltr'><strong>inserviunt.</strong></span> <span class='ocrx_word' id='word_1_286' title='bbox 976 2432 1148 2470; x_wconf 74' lang='lat' dir='ltr'><strong>Eundem</strong></span> <span class='ocrx_word' id='word_1_287' title='bbox 1161 2432 1271 2482; x_wconf 77' lang='lat' dir='ltr'><strong>apud</strong></span> <span class='ocrx_word' id='word_1_288' title='bbox 1283 2430 1406 2468; x_wconf 66' lang='lat' dir='ltr'><strong>Lace»-</strong></span> 
     </span>
    </p>
   </div>
  </div>
 </body>
</html>
