1496 2671
296 133 345 168 22
593 133 785 180 QUINTI
814 135 1004 173 CURTII
1032 135 1164 174 RUFI

293 251 399 277 verso
426 252 576 289 corpore
603 243 814 281 vulneribus
850 243 1020 293 acceptis.
1075 244 1178 282 Inter
1209 243 1277 282 hos
1305 244 1456 294 Atizyes

293 299 331 332 et
349 293 620 340 Rheomithres,
641 303 678 335 et
698 298 854 335 Sabaces
874 302 1021 346 praetor
1039 297 1216 347 Aegypti,
1238 309 1457 346 magnorum

294 347 521 384 exercituum
538 350 724 398 praefecti,
752 351 1051 388 noscitabantur:
1081 352 1178 389 circa
1192 364 1253 389 eos
1272 351 1458 390 cumulata

294 405 374 438 erat
392 401 558 450 peditum
577 404 810 453 equitumque
828 405 1015 442 obscurior
1031 405 1154 443 turba.
1208 405 1456 443 Macedonum

295 466 438 502 quoque
456 468 532 492 non
549 457 698 505 quidem
710 459 827 503 multi,
848 458 914 495 sed
932 458 1196 508 promptissimi
1216 464 1340 497 tamen
1358 460 1454 497 caesi

294 514 388 545 sunt.
461 509 564 547 Inter
598 522 688 559 quos
720 512 925 549 Alexandri
960 512 1133 549 dextrum
1169 512 1288 549 femur
1323 513 1455 551 leviter

294 573 471 600 mucrone
497 565 731 613 perstrictum
751 575 818 603 est.

341 615 506 654 XXVII.
534 618 694 668 Jamque
707 621 769 667 qui
789 619 947 657 Darium
966 618 1151 657 vehebant
1169 618 1264 667 equi,
1293 620 1454 658 confossi

287 669 403 707 hastis
421 674 459 708 et
485 671 613 709 dolore
633 673 784 718 efferati,
800 673 932 722 jugum
961 678 1111 721 quatere
1137 677 1176 710 et
1193 685 1314 721 regern
1340 685 1450 711 curru

288 728 461 762 excutere
487 732 708 775 coeperant:
739 739 821 764 cum
847 727 921 773 ille,
950 726 1090 764 veritus
1107 738 1156 764 ne
1181 727 1286 764 vivus
1312 727 1456 766 veniret

286 776 327 813 in
345 777 508 816 hostium
535 784 767 828 potestatem,
788 781 921 826 desilit,
951 780 1046 818 etin
1063 792 1196 828 equum
1223 781 1284 828 qui
1310 782 1359 818 ad
1385 781 1455 818 hoc

288 833 509 880 sequebatur
543 833 776 883 impunitum
805 835 1011 883 insignibus
1047 846 1191 882 quoque
1215 834 1372 884 imperii,
1406 847 1455 872 ne

287 884 414 934 fugam
442 886 655 935 proderent,
683 888 856 925 indecore
884 888 1046 937 abjectis.
1106 888 1202 924 Tum
1228 901 1316 925 vero
1342 889 1456 926 ceteri

288 938 512 988 dissipantur
540 946 655 986 metu,
675 947 712 979 et
731 954 802 990 qua
829 942 961 990 cuique
987 942 1141 991 patebat
1159 941 1208 979 ad
1224 941 1351 991 fugam
1378 942 1449 988 via,

288 1001 497 1042 erumpunt,
527 1006 630 1032 arma
648 994 830 1043 jacientes
857 1008 949 1044 quae
975 996 1084 1044 paulo
1111 1000 1199 1033 ante
1224 996 1273 1033 ad
1298 995 1454 1034 tutelam

289 1058 485 1096 corporum
505 1054 736 1098 sumpserant
755 1064 763 1087 :
793 1049 885 1087 adeo
900 1062 1014 1099 pavor
1033 1050 1145 1087 etiam
1168 1049 1305 1087 auxilia
1331 1049 1455 1086 formi-

288 1100 364 1138 dat.
422 1102 590 1140 Instabat
615 1102 840 1151 fugientibus
858 1116 966 1152 eques
985 1117 1007 1140 a
1035 1103 1279 1141 Parmenione
1297 1103 1428 1140 missus
1447 1116 1456 1147 3

289 1159 326 1191 et
353 1154 448 1193 forte
474 1156 514 1192 in
550 1155 590 1192 id
617 1169 730 1194 cornu
766 1170 893 1195 ornnes
920 1157 1009 1206 fuga
1039 1157 1253 1195 abstulerat.
1326 1157 1379 1195 At
1413 1157 1453 1194 in

288 1208 422 1246 dextro
443 1209 578 1247 Persae
607 1210 801 1248 Thessalos
827 1211 967 1259 equites
994 1211 1232 1248 vehementer
1259 1211 1454 1259 urgebant.

288 1261 446 1311 Jamque
465 1275 538 1301 una
556 1264 613 1301 ala
630 1265 709 1314 ipso
727 1265 868 1314 impetu
895 1265 1106 1314 proculcata
1124 1270 1214 1310 erat,
1235 1276 1319 1301 cum
1339 1264 1455 1302 Thes-

289 1316 357 1353 sali
376 1322 534 1363 strenue,
552 1317 782 1356 circumactis
801 1319 902 1367 equis
921 1318 1064 1367 dilapsi,
1078 1331 1203 1355 rursus
1221 1318 1262 1355 in
1275 1318 1455 1368 praelium

289 1370 459 1416 redeunt,
497 1384 713 1420 sparsosque
748 1379 786 1410 et
812 1373 1074 1422 incompositos
1111 1372 1288 1410 victoriae
1306 1371 1456 1410 'fiducia

288 1424 464 1461 barbaros
482 1424 628 1473 ingenti
647 1426 759 1463 caede
777 1431 1028 1475 prosternunt.
1085 1425 1182 1475 Equi
1199 1425 1338 1475 pariter
1355 1425 1456 1474 equi-

288 1482 416 1525 tesque
436 1477 632 1516 Persarum
651 1480 743 1517 serie
770 1480 991 1517 laminarum
1019 1492 1162 1528 graves,
1191 1491 1338 1528 agmen,
1357 1479 1457 1528 quod

290 1531 478 1570 celeritate
504 1533 665 1571 maxime
691 1538 846 1576 constat,
876 1546 987 1582 aegre
1015 1533 1292 1578 moliebantur;
1320 1535 1455 1583 quippe

290 1585 329 1622 in
348 1585 643 1634 circumagendis
671 1587 771 1635 equis
798 1587 872 1624 suis
901 1588 1068 1625 Thessali
1094 1587 1232 1624 multos
1259 1599 1460 1637 occupave-

290 1644 386 1676 rant.
442 1639 527 1677 Hac
554 1645 631 1678 tam
659 1653 834 1690 prospera
860 1654 986 1690 pugna
1012 1641 1198 1686 nunciata,
1231 1639 1458 1686 Alexander,

289 1705 365 1729 non
383 1698 471 1731 ante
489 1706 596 1731 ausus
624 1695 790 1743 persequi
817 1695 1003 1739 barbaros,
1025 1695 1213 1743 utrimque
1232 1694 1310 1743 jam
1337 1694 1456 1732 victor

288 1746 427 1784 instare
443 1747 670 1796 fugientibus
688 1748 822 1797 coepit.
877 1748 994 1786 Haud
1020 1748 1176 1798 amplius
1194 1745 1321 1797 regem
1347 1759 1457 1796 quam

290 1800 391 1838 mille
423 1802 564 1849 equites
591 1802 848 1849 sequebantur,
870 1814 953 1839 cum
971 1802 1104 1849 ingens
1118 1801 1316 1839 multitudo
1341 1801 1456 1839 hosti-
1491 1804 1496 1818 ¹

290 1866 353 1890 um
372 1854 532 1893 caderet.
589 1855 662 1892 Sed
676 1855 755 1903 quis
783 1863 846 1893 aut
862 1855 902 1892 in
921 1855 1076 1894 victoria
1089 1861 1154 1893 aut
1171 1856 1211 1892 in
1226 1854 1316 1904 fuga
1334 1855 1456 1904 copias

290 1913 462 1946 numerat
473 1909 493 1947 ἶ)
520 1909 740 1957 Agebantur
755 1921 844 1957 ergo
859 1922 880 1946 a
898 1916 975 1947 tam
989 1910 1114 1959 paucis
1127 1921 1303 1958 pecorum
1320 1909 1431 1946 modo
1446 1922 1454 1952 ;

292 1967 329 2000 et
342 1962 443 1999 idem
464 1968 593 2007 metus,
615 1963 677 2013 qui
696 1963 853 2012 cogebat
869 1963 1008 2012 fugere,
1028 1963 1214 2012 fugientes
1233 1963 1457 2000 morabatur.

346 2016 530 2054 XXVIII.
560 2018 614 2055 At
635 2017 780 2062 Graeci,
801 2017 864 2064 qui
881 2016 921 2053 in
949 2016 1058 2054 Darii
1084 2017 1250 2066 partibus
1265 2021 1457 2061 steterant,

291 2068 459 2119 Amynta
478 2070 583 2116 duce,
606 2069 770 2121 (praetor
789 2070 848 2107 hie
875 2070 1080 2107 Alexandri
1101 2070 1183 2116 fuit,
1211 2082 1312 2108 nunc
1337 2074 1459 2108 trans-

290 2122 397 2172 fuga)
426 2124 573 2174 abrupti
610 2138 631 2162 a
659 2124 800 2169 ceteris,
830 2123 931 2161 haud
957 2136 1044 2161 sane
1070 2124 1296 2173 fugientibus
1323 2123 1459 2161 similes

289 2182 491 2215 evaserant,
548 2178 702 2216 Barbari
720 2178 831 2226 longe
845 2177 1026 2215 diversam
1044 2177 1172 2227 fugam
1189 2177 1453 2216 intenderunt:

290 2229 364 2275 alii,
392 2242 462 2278 qua
480 2237 618 2269 rectum
645 2232 716 2270 iter
733 2231 774 2267 in
793 2231 983 2268 Persidem
1001 2231 1182 2276 ducebat;
1210 2231 1360 2280 quidam
1385 2229 1455 2268 cir-

290 2284 431 2322 cumitu
476 2297 584 2334 rupes
629 2286 813 2333 saltusque
851 2285 1031 2322 montium
1067 2285 1228 2324 occultos
1262 2284 1453 2335 petivere;

291 2338 397 2386 pauci
423 2344 544 2376 castra
561 2339 680 2377 Darii.
736 2338 810 2376 Sed
831 2338 909 2387 jam
937 2339 1002 2376 illa
1028 2351 1171 2388 quoque
1197 2338 1314 2377 hostis
1338 2336 1456 2374 vietor

290 2391 502 2438 intraverat,
531 2393 632 2430 omni
668 2392 815 2441 quidem
843 2392 1029 2442 opulentia
1053 2393 1160 2431 ditia.
1213 2391 1350 2440 Ingens
1377 2390 1455 2428 auri
