1496 2671
375 133 576 174 LAELIUS
604 132 678 170 DE
706 129 968 170 AMICITIA.
1204 131 1216 168 ]
1232 133 1247 168 l

93 243 270 282 societate
286 241 433 291 generis
451 239 613 284 humani,
634 252 744 288 quam
771 239 1010 278 conciliavit
1000 252 1079 289 lpsa
1105 244 1250 281 natura,
1272 238 1275 241 ’

99 298 153 336 ita
179 300 367 335 contracta
385 307 442 331 res
460 298 516 330 est
535 298 572 330 et
599 292 788 329 adducta
778 305 817 328 m
836 298 1048 342 angustum,
1067 297 1110 331 ut
1126 287 1255 330 omnis

100 351 233 388 caritas
250 353 315 386 aut
333 348 430 385 intel
449 347 542 383 duos
560 350 625 383 aut
643 345 741 383 inter
757 359 892 394 paucos
901 347 1135 395 jungeretur.

150 403 216 440 VI.
245 401 313 439 Est
348 407 472 438 autem
517 399 677 436 amicitia
713 399 805 435 nihil
842 400 955 444 aliud,
983 400 1054 437 nisi
1092 400 1255 437 omnium

100 457 307 494 divinarum
334 454 651 500 humanarumque
677 465 811 495 rerum,
840 465 923 490 cum
944 454 1201 491 benevolentia
1220 457 1257 490 et

97 509 260 553 caritate,
281 520 423 545 summa
450 506 642 544 consensio
663 519 670 543 :
701 518 774 554 qua
793 506 940 554 quidem
969 506 1067 543 haud
1089 507 1175 552 scio,
1196 519 1256 551 an,

97 567 250 611 excepta
269 561 459 611 sapientia,
475 560 566 597 nihil
585 559 715 596 melius
733 559 873 595 homini
892 560 939 597 sit
967 573 988 596 a
1008 560 1091 597 Diis
1109 561 1258 597 immor-

97 615 232 654 talibus
260 616 402 653 datum.
476 614 637 651 Divitias
671 613 732 650 alii
760 619 993 662 praeponunt,
1036 614 1169 650 bonam
1198 614 1259 650 alii

99 669 360 713 valetudinem,
389 667 451 705 alii
471 667 686 717 potentiam,
716 666 777 702 alii
795 666 982 711 honores3
1011 667 1120 704 multi
1148 667 1260 704 etiam

99 723 321 772 voluptates.
376 721 589 758 Belluarum
607 720 677 757 hoc
694 719 843 768 quidem
861 725 1066 757 extremum
1087 726 1143 758 est
1159 735 1166 757 :
1198 720 1259 756 illa

99 781 220 814 autem
250 775 437 825 superiora
464 775 603 811 caduca
630 779 670 811 et
699 773 850 818 incerta,
879 774 998 822 posita
1016 785 1092 810 non
1118 779 1195 812 tam
1223 774 1261 809 in

96 830 232 867 nostris
249 829 420 873 consiliis,
441 841 550 877 quam
567 828 605 864 in
624 827 780 863 fortunae
800 827 1020 865 temeritate.
1042 827 1118 872 Qui
1137 832 1261 865 autem

97 883 136 919 in
157 883 293 920 virtute
308 895 490 919 summum
508 882 645 918 bonum
658 885 816 929 ponunt,
831 880 1006 929 praeclare
1017 881 1072 917 illi
1084 881 1233 930 quidem
1252 895 1259 917 z

99 936 164 973 sed
182 936 261 973 haec
281 936 359 984 ipsa
378 935 506 972 Virtus
521 934 717 972 amicitiam
737 939 774 972 et
793 934 915 982 gignit
930 940 967 972 et
980 935 1170 972 continet:
1192 946 1261 971 nec

100 989 178 1027 sine
204 990 342 1027 virtute
369 988 530 1026 amicitia
556 1000 634 1024 esse
661 987 738 1024 ullo
756 993 865 1036 pacto
892 992 1027 1036 potest.
1084 988 1147 1024 21.
1176 987 1262 1025 Jam

101 1043 275 1081 virtutem
289 1055 335 1079 ex
347 1042 616 1079 consuetudine
636 1041 720 1077 vitae
740 1041 992 1090 sermonisque
1010 1042 1129 1079 nostri
1146 1041 1262 1079 inter-

101 1102 311 1145 pretemur:
341 1108 409 1132 nec
429 1108 519 1140 eam,
540 1099 583 1132 ut
602 1094 750 1143 quidam
771 1094 883 1138 docti,
905 1095 1102 1131 verborum
1121 1094 1263 1144 magni-

103 1149 252 1186 ficentia
281 1149 503 1186 metiamur:
533 1149 703 1196 virosque
729 1148 846 1184 bonos
874 1160 946 1192 eos,
974 1149 1038 1197 qui
1065 1148 1263 1193 habentur,

97 1214 341 1246 numeremus,
361 1202 519 1245 Paullos,
543 1200 716 1246 Catones,
735 1201 875 1246 Gallos,
891 1201 1090 1250 Scipiones,
1114 1202 1262 1245 philos:

101 1256 158 1292 his
177 1256 380 1293 communis
400 1255 477 1292 vita
505 1260 680 1292 contenta
699 1259 754 1291 est
775 1268 783 1292 :
814 1267 876 1291 eos
895 1260 1020 1292 autem
1038 1256 1264 1300 omittamus,

104 1309 168 1358 qui
204 1309 354 1346 omnino
378 1321 560 1357 nusquam
587 1307 833 1356 reperiuntur.
891 1308 999 1345 Tales
1026 1309 1142 1357 igitur
1167 1310 1266 1347 inter

100 1363 196 1399 viros
222 1361 382 1399 amicitia
399 1367 522 1399 tantas
550 1361 846 1410 opportunitates
873 1360 997 1405 habet,
1017 1367 1174 1410 quantas
1201 1363 1265 1399 vix

102 1428 199 1464 queo
218 1415 352 1452 dicere.
408 1415 474 1451 22.
503 1414 702 1463 PrincipiO,
722 1415 782 1451 cui
799 1419 922 1463 potest
941 1427 1019 1452 esse
1037 1418 1114 1453 vita
1131 1416 1264 1460 vitalis,

104 1474 145 1506 ut
162 1468 215 1506 ait
234 1468 389 1514 Ennius,
403 1468 467 1517 qui
484 1481 558 1505 non
578 1468 618 1504 in
636 1467 741 1504 amici
759 1474 887 1505 mutua
905 1469 1163 1507 benevolentia
1177 1482 1264 1507 con—

93 1522 295 1571 quiescat?
350 1522 453 1567 Quid
472 1521 629 1566 dulcius,
658 1533 769 1570 quam
796 1521 943 1567 habere,
963 1522 1111 1570 quicum
1140 1524 1263 1560 omnia

100 1575 238 1613 audeas
257 1576 307 1612 sic
325 1575 438 1624 loqui,
459 1580 501 1612 ut
518 1580 640 1612 tecum
660 1574 679 1611 ἶ)
708 1574 802 1619 Quis
816 1580 912 1612 esset
926 1580 1054 1613 tantus
1071 1576 1214 1615 fructus
1225 1577 1264 1614 in

105 1629 286 1678 prosperis
305 1629 426 1672 rebus,
446 1628 517 1665 nisi
543 1628 708 1673 haberes,
729 1628 792 1676 qui
819 1628 891 1665 illis
910 1640 1025 1678 aeque,
1043 1642 1085 1666 ac
1112 1635 1154 1668 tu
1172 1630 1264 1681 ipse,

105 1683 285 1730 gauderet
302 1682 322 1719 ,⁹
375 1682 562 1719 Adversas
588 1681 788 1718 veroferre
815 1682 963 1720 difficile
982 1688 1076 1721 esset
1103 1683 1182 1721 sine
1209 1697 1265 1728 eo,

99 1735 254 1785 quiillas
268 1735 377 1773 etiam
390 1736 550 1784 gravius,
567 1748 676 1784 quam
690 1740 743 1779 tu,
763 1735 886 1773 ferret.
942 1736 1117 1786 Denique
1134 1743 1266 1775 ceterae

106 1802 177 1834 res,
196 1801 277 1838 quae
297 1794 533 1838 expetuntur,
554 1794 772 1838 opportunae
787 1794 874 1826 sunt
888 1789 1043 1838 singulae
1063 1791 1172 1828 rebus
1190 1791 1267 1833 fere

107 1842 290 1891 singulis:
318 1842 469 1886 divitiae,
499 1847 541 1880 ut
567 1848 699 1880 utare:
731 1841 829 1891 opes',
859 1848 902 1880 ut
921 1843 1067 1881 colare:
1094 1844 1266 1889 honores,

109 1901 150 1933 ut
169 1895 343 1933 laudere:
365 1896 584 1945 voluptates,
605 1900 647 1933 ut
661 1896 824 1944 gaudeas
844 1910 852 1932 ε
875 1896 1058 1942 valetudo,
1079 1903 1122 1935 ut
1141 1898 1270 1936 dolore

103 1960 226 1986 careas
245 1954 282 1986 et
297 1950 514 1987 muneribus
532 1949 689 1998 fungare
707 1949 870 1999 corporis
890 1963 898 1994 ;
929 1951 1089 1989 amicitia
1107 1964 1165 1989 res
1184 1952 1266 2001 plu-

106 2003 217 2039 rimas
235 2003 412 2041 continet.
470 2003 630 2052 Quoquo
647 2006 687 2041 te
714 2003 878 2049 verteris,
899 2009 1034 2053 praesto
1053 2009 1133 2043 cst:
1163 2006 1268 2044 nullo

107 2056 189 2092 loco
233 2055 469 2094 excluditur:
524 2069 715 2106 nunquam
771 2056 1031 2100 intempestiva
1075 2070 1267 2108 nunquam

109 2108 263 2146 molesta
281 2112 350 2146 est.
392 2109 522 2159 Itaque
533 2122 609 2147 non
627 2122 733 2159 aqua,
754 2122 830 2146 non
848 2110 938 2159 igni,
955 2116 996 2150 ut
1015 2112 1132 2157 aiunt,
1152 2113 1268 2162 pluri-

107 2162 176 2198 bus
192 2161 282 2198 locis
309 2161 459 2208 utimur,
488 2176 597 2212 quam
616 2163 789 2201 amicitia.
845 2164 977 2226 Neque
1004 2178 1075 2214 ego
1093 2178 1194 2203 nunc
1220 2167 1267 2203 de

106 2215 251 2263 vulgari
269 2220 334 2253 aut
361 2215 407 2252 de
433 2217 619 2264 mediocri,
639 2229 720 2266 quae
747 2222 872 2255 tamen
898 2218 977 2268 ipsa
995 2224 1033 2256 et
1025 2196 1212 2258 Odelectat
1231 2226 1268 2257 et

108 2268 272 2329 prodest,
292 2268 358 2305 sed
376 2269 423 2306 de
434 2282 520 2307 vera
534 2275 571 2308 et
582 2271 745 2319 perfecta
758 2271 901 2320 loquor,
919 2272 1036 2321 qualis
1049 2285 1188 2319 eorum,
1205 2274 1268 2322 qui

109 2321 218 2371 pauci
235 2322 485 2367 nominantur,
501 2323 586 2361 fuit.
641 2324 738 2361 Nam
765 2329 803 2362 et
829 2326 1010 2364 secundas
1027 2339 1086 2363 res
1099 2326 1268 2388 ‘splendi-

105 2375 229 2465 {hores
241 2374 329 2414 facit
343 2375 553 2425 amicitia,et
567 2377 736 2416 adversas
749 2379 910 2428 partiens
925 2380 1272 2428 communicansque

121 2441 270 2467 eviores.
