1496 2671
245 97 291 136 12
507 107 612 134 CATO
640 107 779 134 MAJOR
806 107 859 133 DE
889 105 1146 135 SENECTVTE.

239 214 375 251 tonem,
398 216 487 241 num
507 203 766 251 Xenocratem,
788 215 876 241 num
907 210 1032 255 postea
1053 204 1262 251 Zenonem,
1283 203 1419 243 Clean-

238 259 353 306 them,
369 265 434 295 aut
451 271 552 304 eum,
568 269 677 307 quem
693 270 759 295 vos
777 258 889 295 etiam
905 258 1035 296 Romae
1051 257 1202 306 vidistis,
1218 258 1419 308 Diogenem

240 313 419 358 Stoicum,
438 313 554 361 coegit
571 312 610 348 in
628 313 703 348 suis
721 311 848 349 studiis
865 312 1117 350 obmutescere
1144 313 1344 351 senectus?
1371 325 1419 351 an

237 380 311 404 non
332 368 367 404 in
388 366 557 403 omnibus
576 366 620 402 iis
638 365 838 403 studiorum
867 367 1010 414 agitatio
1038 367 1122 404 vitae
1141 367 1292 417 aequalis
1319 365 1387 404 fuit
1405 367 1420 405 ’ἔ

237 421 303 458 24.
336 423 427 470 Age,
446 426 485 457 ut
502 421 568 456 ista
588 419 711 456 divina
738 419 858 457 studia
885 420 1108 466 omittamus,
1126 433 1280 470 possum
1299 421 1418 458 nomi-

236 487 324 512 nare
342 487 392 512 ex
411 486 495 523 agro
514 473 650 510 Sabino
668 474 821 511 rusticos
851 473 1050 520 Romanos,
1070 474 1212 513 vicinos
1228 480 1266 512 et
1283 473 1418 512 famili-

235 542 315 567 ares
335 541 448 575 meos,
469 528 602 578 quibus
620 527 844 573 absentibus,
866 538 1055 577 nunquam
1074 526 1147 564 fere
1167 528 1239 566 ulla
1266 528 1302 564 in
1319 540 1417 578 ⁴agro

235 581 377 631 majora
405 594 516 633 opera
544 583 647 628 fiunt,
677 593 750 618 non
778 580 950 627 serendis,
971 592 1046 617 non
1073 581 1325 631 percipiendis,
1346 594 1417 619 non

235 636 436 674 condendis
476 635 664 674 fructibus.
740 635 969 684 Quanquam
1008 635 1044 671 in
1081 635 1149 672 illis
1191 636 1311 674 minus
1345 634 1420 673 hoc

234 690 379 728 mirum.
436 690 560 728 Nemo
588 690 688 726 enim
715 694 770 725 est
797 694 872 725 tam
893 699 1022 735 senex,
1043 689 1106 738 qui
1126 699 1166 726 se
1185 701 1324 727 annum
1343 701 1418 727 non

235 750 336 794 putet
364 756 471 794 posse
500 744 636 780 vivere.
712 741 785 778 Sed
822 741 933 779 iidem
962 742 1150 780 elaborant
1176 743 1214 779 in
1241 743 1308 790 eis,
1335 755 1418 794 quae

236 798 355 836 sciunt
375 797 464 835 nihil
484 797 635 834 omnino
654 795 700 832 ad
720 807 759 832 se
778 796 974 845 pertinere:

491 863 574 893 Serit
586 862 721 901 arbores,
736 872 805 902 quae
821 860 912 893 alteri
925 862 1020 894 saeclo
1041 861 1171 903 prosint,

235 927 275 958 ut
294 921 342 957 ait
357 919 489 957 Statius
505 924 625 955 noster
644 919 679 954 in
699 918 943 968 Synephebis.
1000 918 1066 956 25.
1082 918 1167 957 Nec
1181 931 1269 956 vero
1281 919 1420 958 dubitet

236 975 405 1037 agricola,
425 972 596 1023 quamvis
616 984 745 1019 senex,
766 974 954 1022 quaerenti,
974 973 1033 1010 cui
1051 978 1160 1019 serat,
1178 973 1416 1023 respondere·

234 1028 327 1066 Dm
343 1030 475 1066 immor
477 1027 620 1072 talibus,
636 1029 701 1076 qui
717 1040 773 1064 me
789 1039 862 1065 non
877 1029 1040 1079 accipere
1055 1027 1164 1066 ‘modo
1177 1027 1254 1066 hoeo
1267 1041 1292 1067 α
1304 1028 1422 1081 maj0-

233 1084 335 1122 ribus
352 1082 555 1126 voluerunt,
574 1081 639 1119 sed
653 1082 764 1119 etiam
777 1083 936 1132 posteris
947 1081 1122 1132 prodere.

287 1135 400 1173 VIII.
429 1134 566 1174 Melius
597 1133 770 1172 Caecilius
799 1133 843 1172 de
876 1147 964 1172 sene
991 1135 1090 1172 alteri
1119 1135 1254 1174 saeculo
1280 1136 1421 1186 prospi-

234 1191 367 1236 ciente,
387 1201 499 1240 quam
520 1188 603 1226 iilud
623 1188 743 1226 idem:

403 1255 535 1295 AEdepol
550 1258 705 1293 senectus,
722 1254 748 1284 si
764 1252 840 1284 nihil
855 1253 1022 1294 quidquam
1039 1254 1124 1285 aliud
1139 1253 1196 1285 viti

403 1300 558 1339 Apportes
572 1302 686 1336 tecum,
702 1306 798 1336 quum
813 1297 959 1336 advenis,
982 1306 1080 1327 unum
1091 1296 1122 1328 id
1137 1301 1187 1327 sat
1197 1300 1254 1338 est,

407 1340 511 1380 Quod,
525 1340 576 1371 diu
593 1339 733 1378 vivendo,
748 1340 859 1379 multa,
874 1350 942 1379 quae
959 1349 1021 1371 non
1034 1339 1111 1379 vult,
1127 1339 1221 1371 videt.

234 1397 283 1435 Et
310 1397 423 1434 muita
440 1396 607 1441 fortasse,
628 1408 710 1444 quae
739 1395 846 1432 vult:
876 1402 986 1445 atque
1014 1396 1051 1432 in
1078 1407 1124 1432 ea
1152 1394 1317 1446 quidem,
1336 1409 1420 1446 quae

233 1463 306 1487 non
336 1452 427 1497 vult,
455 1461 555 1500 saepe
583 1449 692 1486 etiam
724 1449 969 1486 adolescentia
997 1449 1158 1489 incurrit.
1215 1448 1310 1487 Illud
1336 1462 1423 1488 vero

231 1504 329 1541 idem
352 1504 526 1542 Caecilius
546 1503 736 1540 vitiosius:

401 1572 485 1601 Tum
499 1569 643 1611 equidem
659 1570 692 1600 in
708 1568 836 1600 senecta
850 1569 910 1600 hoc
926 1569 1042 1610 deputo
1058 1568 1293 1610 miserrimum,

404 1612 538 1652 Sentire,
553 1612 592 1644 ea
606 1616 698 1644 aetate
714 1622 781 1642 esse
797 1622 830 1642 se
844 1612 986 1643 odiosum
1002 1612 1100 1643 alteri.

233 1670 299 1709 26.
329 1668 546 1709 Jucundum
567 1669 699 1718 potiuS,
720 1680 831 1718 quam
854 1668 1034 1706 odiosum.
1090 1667 1141 1706 Ut
1158 1669 1258 1706 enim
1277 1669 1420 1707 adoles-

233 1724 402 1763 centibus
420 1724 518 1760 bona
535 1723 655 1759 indole
676 1721 830 1772 praeditis
848 1723 1031 1771 sapientes
1048 1734 1155 1760 senes
1181 1721 1420 1769 delectantur,

231 1779 418 1828 leviorque
439 1778 477 1814 fit
498 1789 625 1813 eorum
645 1783 827 1821 senectus,
847 1776 909 1826 qui
930 1788 953 1812 a
976 1774 1170 1824 juventute
1188 1777 1357 1814 coluntur
1383 1784 1420 1815 et

234 1832 438 1881 diliguntur,
468 1832 521 1868 sic
556 1830 804 1868 adolescentes
847 1842 979 1868 senum
1017 1830 1210 1880 praeceptis
1250 1831 1419 1879 gaudent,

232 1887 367 1936 quibus
384 1885 431 1922 ad
450 1886 619 1922 virtutum
651 1883 770 1921 studia
798 1883 994 1921 ducuntur.
1049 1881 1133 1920 Nec
1167 1884 1287 1921 minus
1315 1885 1420 1922 intel-

231 1941 302 1989 ligo
319 1951 378 1977 me
393 1939 508 1985 vobis,
522 1951 634 1988 quam
650 1951 716 1975 vos
731 1936 819 1975 mihi
834 1949 914 1974 esse
929 1936 1129 1986 jucundos.
1187 1937 1258 1975 Sed
1278 1937 1420 1985 videtis,

234 2001 272 2030 ut
291 2000 463 2030 senectus
482 2005 552 2029 non
575 1992 683 2029 modo
703 1991 868 2040 languida
885 1998 994 2040 atque
1012 1991 1109 2028 iners
1128 2003 1200 2028 non
1219 1992 1275 2038 sit,
1291 2003 1419 2030 verum

233 2048 343 2085 etiam
373 2048 417 2084 sit
445 2058 598 2096 operosa
625 2053 661 2083 et
688 2057 835 2093 semper
861 2057 972 2093 agens
1000 2044 1137 2094 aliquid
1172 2051 1210 2082 et
1235 2046 1417 2094 moliens3

233 2101 305 2137 tale
334 2101 487 2147 scilicet,
516 2101 622 2150 quale
650 2098 833 2148 cujusque
869 2098 1028 2136 studium
1070 2100 1103 2135 in
1135 2100 1317 2149 superiore
1344 2100 1420 2136 vita

233 2154 313 2191 suit.
370 2153 483 2200 Quid,
503 2154 600 2203 quod
620 2154 729 2190 etiam
750 2151 941 2189 addiscunt
971 2152 1108 2202 aliquid
1126 2153 1146 2191 ἶ)
1175 2161 1216 2189 ut
1244 2151 1417 2191 Solonem

233 2208 399 2245 versibus
412 2208 621 2256 gloriantem
638 2207 816 2251 videmus,
825 2206 885 2255 qui
899 2219 946 2252 se,
958 2207 1121 2256 quotidie
1128 2207 1279 2257 ,aliquid
1290 2207 1418 2245 addis-

235 2267 380 2308 centem,
394 2274 512 2300 senem
529 2262 622 2312 fieri
649 2260 760 2297 dicit:
789 2267 828 2296 ut
846 2271 912 2308 ego
931 2259 1014 2306 feci,
1028 2261 1090 2310 qui
1111 2260 1259 2299 Graeeas
1284 2260 1417 2297 litteras

234 2327 352 2353 senex
370 2315 477 2351 didici
494 2327 503 2362 3
523 2326 616 2364 quas
635 2313 783 2366 quidem
803 2314 856 2349 sic
876 2314 982 2351 avide
1001 2315 1147 2365 arripui,
1161 2315 1264 2365 quasi
1280 2312 1415 2351 diutur-

235 2382 323 2407 nam
343 2370 438 2406 sitim
465 2369 614 2418 explere
644 2367 810 2417 cupiens,
831 2376 868 2404 ut
895 2379 941 2404 ea
967 2369 1046 2418 ipsa
1072 2367 1159 2406 mihi
1183 2375 1266 2405 nota
1284 2373 1417 2414 essent,
