1496 2671
524 257 570 298 T.
603 260 648 297 P.
680 259 944 298 ATIICUS.
1280 260 1327 296 61

137 368 212 408 alia
231 383 270 407 re
291 382 405 418 quam
425 365 617 418 elegantia
637 367 751 412 vitae,
772 370 849 416 qua
878 373 1024 405 ceteros
1053 376 1205 417 ceperat
1227 372 1333 416 prina

137 425 240 473 cipes
254 423 437 466 civitatis,
450 422 641 470 dignitate
656 421 750 470 pari,
768 418 924 457 fortuna
939 421 1156 460 humiliore.
1206 423 1335 461 Tanta

137 478 240 515 enim
270 476 504 524 prosperitas
540 474 745 513 Caesarem
774 480 832 511 est
863 482 1078 519 consecuta,
1101 483 1142 513 ut
1171 477 1270 513 nihil
1297 477 1334 514 ei

136 543 213 568 non
233 530 415 568 tribuerit
433 529 600 574 fortuna,
621 528 724 576 quod
752 528 931 588 cuiquam
962 535 1051 565 ante
1079 530 1273 576 detulerit,
1295 537 1333 568 et

136 584 352 621 conciliarit
389 583 492 631 quod
525 595 637 619 nemo
673 582 798 618 adhuc
835 581 895 618 civ
900 581 933 619 is
971 581 1168 620 Romanus
1206 585 1335 632 quivit

138 637 335 686 consequi.
392 636 497 673 Nata
517 644 572 672 est
593 641 722 672 autem
752 634 888 672 Attico
917 635 1044 684 neptis
1073 649 1122 673 ex
1142 636 1337 687 Agrippa,

137 691 201 728 cui
222 691 414 739 viiginem
434 689 551 726 filiam
564 686 780 726 collocarat.
839 688 953 726 Hanc
969 688 1123 734 Caesar,
1139 691 1208 727 vix
1223 692 1336 728 anni-

138 744 274 788 culam,
298 744 456 781 Tiberio
478 742 642 779 Claudio
662 741 823 787 Neroni,
848 740 1021 779 Drusilla
1034 751 1137 789 nato,
1153 744 1338 794 privigno

139 811 219 842 suo,
241 797 460 846 despondit:
490 808 588 845 quae
608 795 829 844 conjunctio
851 796 1175 834 necessitudinem
1203 811 1336 836 eorum

139 851 286 897 sanxit,
308 850 611 888 familiaritatem
633 849 802 887 reddidit
821 848 1140 897 frequentiorem.

144 1036 243 1074 CAP.
265 1036 363 1073 XX.
421 1035 543 1072 Attici
562 1047 647 1072 cum
668 1035 882 1071 Octaviano
904 1035 1070 1072 Caesare
1074 1036 1340 1084 familiaritas

330 1101 407 1126 non
428 1089 561 1125 collisa
580 1089 753 1124 dissensu
771 1088 875 1124 illius
894 1088 944 1125 ab
963 1089 1146 1126 Antonio.

198 1176 394 1223 QUAMVIS
423 1182 512 1213 ante
541 1176 635 1213 haec
664 1177 867 1225 sponsalia,
889 1189 966 1214 non
996 1178 1131 1224 solum,
1152 1192 1273 1229 quum
1293 1182 1342 1218 ab

144 1232 240 1268 urbe
269 1231 430 1275 abesset,
467 1242 664 1278 nunquam
697 1231 744 1266 ad
773 1243 931 1267 suorum
959 1244 1191 1280 quemquam
1210 1233 1343 1272 literas

144 1285 259 1329 misit,
280 1284 373 1332 quin
394 1283 530 1320 Attico
549 1284 730 1328 mittelffet
752 1284 850 1332 quid
867 1290 1008 1332 aqeret,
1032 1286 1223 1335 imprimis
1249 1288 1347 1336 quid

145 1337 292 1386 leyeret,
313 1336 524 1386 quibusque
542 1337 582 1372 in
598 1335 689 1373 locis
707 1343 743 1373 et
766 1338 950 1386 quamdiu
978 1345 1072 1375 esset
1097 1346 1346 1384 moraturus,-

147 1392 213 1429 sed
232 1391 349 1428 etiam
368 1403 487 1451 quum
507 1397 606 1427 esset
622 1391 663 1426 in
683 1391 789 1435 urbe,
812 1397 861 1436 et,
882 1398 1042 1440 propter
1061 1405 1149 1430 suas
1171 1394 1346 1432 infinitas

146 1444 416 1493 occupationes
428 1444 558 1481 minus
574 1457 697 1492 saepe,
711 1457 826 1492 quam
839 1445 969 1488 vellet,
985 1446 1121 1484 Attico
1134 1447 1346 1494 frueretur,

148 1498 277 1535 nullus
295 1498 377 1535 dies
395 1503 524 1534 tamen
544 1503 688 1534 temere
716 1499 946 1544 intercessit,
968 1512 1044 1548 quo
1073 1513 1150 1537 non
1178 1502 1227 1538 ad
1256 1514 1345 1540 eum

148 1552 351 1595 sciiberet3
378 1563 454 1600 quo
483 1563 559 1587 non
589 1550 735 1600 aliquid
755 1552 802 1588 de
830 1552 1063 1600 antiquitate
1082 1555 1130 1591 ab
1150 1568 1195 1592 eo
1214 1557 1346 1604 requi-

147 1611 268 1649 reret-3
296 1605 407 1641 modo
436 1604 604 1652 aliquam
633 1605 898 1652 quaestionem
925 1607 1115 1655 poeticam
1141 1609 1178 1646 ei
1205 1621 1347 1659 propo-

148 1665 288 1696 ner-et
279 1687 289 1702 ,
335 1658 530 1695 interdum
573 1658 708 1706 jocans
760 1658 844 1707 ejus
898 1661 1143 1699 verbosiores
1189 1663 1347 1701 eliceiet

149 1712 345 1761 epistolas.
401 1711 466 1748 Ex
485 1724 561 1760 quo
580 1711 731 1757 accidit,
752 1725 872 1760 quum
897 1714 1009 1751 aedes
1028 1714 1144 1752 Jovis
1164 1715 1345 1763 Feretrii,

147 1766 190 1802 in
225 1764 418 1829 Capitolio
456 1766 502 1802 ab
542 1765 707 1802 Romulo
744 1767 964 1813 constituta,
1000 1774 1194 1811 vetustate
1231 1775 1348 1819 atque

149 1817 300 1856 incuria
344 1819 494 1856 detecta
540 1819 818 1867 prolaberetur,
865 1827 918 1866 ut,
961 1821 1087 1858 Attici
1134 1824 1346 1869 admonitu,

153 1872 250 1910 Caes
237 1885 296 1909 ar
329 1885 413 1910 eam
445 1873 692 1910 reficiendam
725 1880 890 1911 curalet.
948 1874 1088 1923 Neque
1116 1889 1206 1913 vero
1235 1889 1257 1914 a
1287 1877 1348 1914 Μ.

151 1926 327 1963 Antonio
364 1926 503 1971 minus,
543 1926 692 1971 absens,
740 1927 863 1964 literis
900 1928 1120 1973 colebatur3
1158 1930 1264 1974 adeo,
1305 1937 1349 1968 ut

153 1986 329 2017 accurate
348 1979 425 2025 ille,
447 1992 496 2016 ex
518 1980 664 2016 ultimis
683 1981 811 2025 terris,
833 1982 930 2029 quid
954 1988 1095 2030 ageret,
1116 1983 1214 2031 quid
1232 1997 1351 2021 curae

153 2032 224 2069 sibi
254 2032 419 2079 habersset
453 2033 655 2070 certiorem
689 2033 833 2071 faceret
863 2034 1082 2072 Atticum.
1115 2037 1203 2074 Hoc
1236 2038 1350 2086 quale

154 2086 215 2131 sit,
235 2085 387 2123 facilius
406 2086 673 2124 existimabit
663 2100 707 2132 ls,
729 2088 793 2135 qui
805 2087 985 2135 judicare
1004 2090 1158 2138 poterit,
1179 2098 1350 2139 quantae

156 2139 205 2176 sit
224 2140 444 2188 sapientiae,
466 2152 597 2177 eorum
617 2141 785 2178 retinere
806 2153 919 2179 usum
948 2143 1349 2193 benevolentiamque,

155 2193 258 2230 inter
287 2205 381 2241 quos
412 2194 667 2230 maximarum
697 2207 827 2232 rerum
864 2207 942 2232 non
976 2196 1098 2233 solum
1129 2198 1348 2244 aemulatio,

157 2246 223 2283 sed
238 2247 464 2283 obtrectatio
478 2252 585 2284 tanta
598 2248 873 2294 intercedebat,
889 2255 1074 2298 quantam
1088 2250 1164 2288 fuit
1178 2251 1351 2289 incidere

156 2312 312 2336 necesse
330 2299 432 2336 inter
452 2298 655 2339 Caesarem
675 2307 791 2351 atque
810 2300 1041 2349 Antonium,
1058 2317 1177 2353 quum
1190 2317 1231 2343 se
1244 2311 1350 2342 uter·-

157 2365 232 2401 que
264 2353 491 2402 principem,
521 2366 597 2391 non
628 2355 750 2393 solum
777 2356 884 2393 urbis
912 2356 1122 2405 Romanae,
1150 2359 1217 2397 sed
1245 2358 1350 2396 orbis

157 2413 363 2453 terrarum,
383 2419 465 2445 esse
485 2413 653 2456 cuperet.
