1496 2671
410 142 574 183 LIBER
602 143 846 183 TERITU&
1152 144 1203 179 223

51 254 264 304 argentique
288 251 444 301 pondus,
472 263 547 288 non
574 251 661 288 belli
689 251 754 288 sed
779 251 948 288 luxuriae
973 254 1202 300 apparatum,

51 309 276 359 diripuerant
289 305 446 350 milites;
476 317 630 354 cumque
647 304 729 354 plus
745 309 928 354 raperent,
941 304 1073 354 passim
1089 308 1205 342 strata

52 366 157 399 crant
186 360 319 398 itinera
344 359 533 396 vilioribus
560 358 721 403 sarcinis,
751 370 838 406 quas
864 358 904 394 in
932 357 1205 407 comparatione

52 415 239 453 meliorum
259 412 411 450 avaritia
447 416 728 462 contempserat.
782 411 941 460 Jamque
975 411 1022 448 ad
1054 412 1207 449 feminas

51 472 264 518 perventum
292 470 382 512 erat,
410 466 551 514 quibus,
587 477 658 514 quo
685 465 824 502 cariora
860 470 1077 503 ornamenta
1113 472 1207 510 sunt,

51 520 243 559 violentius
262 520 551 558 detrahebantur
574 532 581 556 :
611 531 680 556 nec
698 519 910 568 corporibus
928 519 1073 567 quidem
1093 520 1147 556 vis
1167 532 1209 556 ac

49 574 164 612 libido
180 574 364 623 parcebat.
421 573 558 611 Omnia
574 573 725 622 planctu
743 573 985 620 tumultuque,
1004 578 1115 622 prout
1133 573 1209 610 cui-

52 639 120 676 que
145 627 293 666 fortuna
320 632 410 674 erat,
434 626 588 678 [castra]
617 627 876 677 repleverant3
905 638 974 663 nec
1000 626 1075 662 ulla
1101 626 1210 664 facies

52 681 138 719 mali
156 681 294 727 deerat,
314 694 396 719 cum
416 694 483 731 per
501 693 627 718 omnes
646 680 794 717 ordines
822 685 1031 727 aetatesque
1058 679 1207 717 victoris

52 735 248 773 crudelitas
267 748 309 772 ac
326 735 476 773 licentia
493 739 701 783 vagaretur.
757 734 864 771 Tunc
881 746 969 771 vero
996 733 1211 782 impotentis

51 789 221 827 fortunae
237 789 374 839 species
393 788 553 838 conspici
564 788 696 838 potuit,
718 799 800 825 cum
819 788 856 834 ii,
877 787 938 835 qui
958 787 1074 824 Dario
1093 787 1215 825 taber-

54 842 224 880 naculum
242 848 521 888 exornaverant,
542 842 643 879 omni
669 841 759 878 luxu
778 846 816 879 et
843 841 1032 891 opulentia
1058 840 1215 878 instruc-

54 902 145 942 tum,
165 896 294 934 eadem
312 896 377 933 illa
394 895 621 942 Alexandro,
651 895 753 944 quasi
769 895 886 933 veteri
904 894 1068 940 domino,
1096 906 1213 931 rescr-

55 950 205 987 vabant.
259 950 429 998 Namque
446 951 485 987 id
505 949 620 987 solum
648 949 829 987 intactum
849 948 1048 986 omiserant
1069 948 1213 993 milites,

56 1004 109 1041 ita
122 1004 261 1042 tradito
281 1016 394 1049 more,
415 1009 456 1042 ut
476 1004 652 1042 victorem
672 1003 760 1040 victi
778 1002 876 1052 regis
894 1002 1133 1040 tabernaculo
1153 1014 1216 1038 ex-

57 1057 230 1106 ciperent.

110 1110 252 1149 XXIX.
283 1110 355 1147 Sed
370 1109 534 1147 omnium
562 1111 686 1148 oculos
704 1110 916 1157 animosque
934 1108 972 1145 in
992 1112 1108 1146 semet
1129 1119 1217 1144 con-

57 1169 246 1202 verterunt
263 1164 428 1213 captivae
447 1169 564 1201 mater
583 1164 788 1213 conjuxque
806 1163 936 1207 Darii3
965 1162 1029 1199 illa
1047 1173 1122 1198 non
1142 1172 1216 1197 ma*

54 1217 188 1266 jcstate
206 1218 335 1263 solum,
357 1218 422 1254 sed
441 1217 551 1255 etiam
569 1222 691 1255 aetate
709 1216 928 1254 venerabilis
943 1229 951 1260 ;
971 1216 1062 1253 haec
1079 1215 1220 1252 formae

58 1271 341 1320 pulchritudine,
361 1283 430 1308 nec
443 1271 506 1308 illa
525 1271 671 1320 quidem
692 1276 790 1309 sorte
817 1275 1000 1319 corrupta.
1055 1269 1220 1317 Accepe-

59 1330 118 1363 rat
143 1325 182 1362 in
210 1325 328 1361 sinum
365 1325 493 1370 filium,
529 1325 696 1362 nondum
732 1328 876 1362 sextum
914 1323 1046 1360 aetatis
1083 1333 1219 1359 annum

61 1391 259 1428 egressum,
279 1378 317 1415 in
338 1391 438 1428 spem
457 1383 584 1416 tantae
610 1378 791 1423 fortunae,
812 1382 986 1425 quantam
1005 1375 1115 1426 paulo
1135 1380 1221 1413 ante

60 1437 165 1481 pater
184 1432 261 1481 ejus
279 1432 461 1477 amiserat,
481 1432 660 1481 genitum.
714 1431 768 1470 At
785 1431 825 1468 in
843 1430 985 1480 gremio
1005 1441 1097 1466 anus
1117 1429 1220 1466 aviae

57 1486 230 1534 jacebant
266 1485 413 1524 adultae
438 1485 599 1534 virgines
634 1485 738 1531 duae,
767 1497 843 1522 non
880 1496 945 1522 suo
969 1488 1128 1527 tantum,
1158 1482 1222 1519 sed

64 1540 173 1577 etiam
191 1539 288 1576 illius
304 1552 469 1577 moerore
486 1539 686 1578 confectae.
742 1539 878 1587 Ingens
893 1538 989 1576 circa
1011 1535 1129 1587 [eam]
1153 1549 1221 1572 no-

61 1593 189 1630 bilium
215 1593 431 1630 feminarum
461 1593 570 1631 turba
606 1593 833 1638 constiterat,
862 1591 1030 1629 laceratis
1063 1589 1222 1628 crinibus

65 1647 291 1695 abscissaque
317 1650 429 1692 veste,
457 1646 604 1695 pristini
630 1647 771 1684 decoris
803 1646 1047 1691 immemores,
1076 1644 1224 1693 reginas

65 1700 302 1748 dominasque
329 1700 424 1737 veris
443 1700 639 1748 quondam,
667 1705 757 1738 tunc
784 1699 911 1736 alienis
929 1698 1139 1736 nominibus
1166 1697 1222 1733 in-

65 1759 247 1792 vocantes.
320 1753 410 1791 Illac
446 1766 532 1791 suae
569 1753 788 1792 calamitatis
806 1753 953 1798 oblitae,
990 1757 1074 1790 utro
1108 1762 1222 1787 cornu

65 1808 202 1845 Darius
229 1807 400 1854 stetisset,
439 1820 530 1856 quae
565 1807 714 1846 fortuna
740 1807 960 1844 discriminis
985 1806 1126 1849 fuisset,
1165 1816 1222 1840 re·
1261 1806 1263 1808 ’

67 1862 282 1908 quirebant:
312 1862 500 1910 negabant
535 1874 572 1898 sc
605 1867 739 1912 captas,
774 1861 804 1897 si
840 1861 979 1898 viveret
1015 1871 1092 1896 rex.
1149 1856 1224 1894 Sed

68 1916 168 1952 illum
197 1927 308 1964 equos
327 1915 483 1953 subinde
502 1920 706 1953 mutantem
734 1914 881 1963 longius
898 1913 987 1962 fuga
1012 1911 1222 1950 abstulerat.

69 1968 113 2005 In
133 1969 208 2006 acie
232 1974 353 2007 autem
391 1982 495 2006 caesa
531 1973 617 2007 sunt
645 1969 837 2006 Persarum
871 1967 1039 2017 peditum
1076 1969 1223 2003 centum

70 2022 206 2066 millia3
243 2022 368 2060 decem
395 2035 482 2060 vero
509 2023 624 2060 millia
650 2021 842 2061 interfecta
868 2021 1042 2069 equitum.
1098 2019 1152 2056 At
1179 2030 1225 2055 ex

69 2080 174 2124 parte
192 2076 395 2114 Alexandri
421 2081 575 2124 quatuor
602 2081 641 2115 et
659 2075 846 2125 quingenti
863 2074 976 2112 saucii
1001 2073 1101 2111 fuere
1121 2085 1130 2117 ;
1158 2072 1224 2109 tri·

71 2130 175 2177 ginta
193 2129 342 2166 omnino
360 2135 397 2168 et
415 2131 489 2167 duo
507 2143 553 2167 ex
571 2130 754 2180 peditibus
773 2127 971 2166 desiderati
989 2132 1076 2165 sunt
1096 2140 1105 2164 :
1126 2125 1225 2174 equi-

71 2190 150 2220 tum
169 2191 315 2220 centum
334 2183 598 2233 quinquaginta
615 2183 809 2223 interfecti.
856 2182 1017 2220 Tantulo
1035 2179 1224 2230 impendio

71 2238 198 2283 ingens
215 2236 367 2274 victoria
384 2237 500 2275 stetit.

126 2291 247 2328 XXX.
278 2290 338 2327 12.
368 2290 453 2327 Rex
479 2291 543 2328 diu
569 2291 725 2329 Darium
752 2289 1003 2341 persequendo
1037 2287 1225 2336 fatigatus,

72 2349 307 2393 posteaquam
322 2348 359 2381 et
372 2356 447 2381 nox
463 2345 657 2394 appetebat
672 2352 708 2383 et
727 2357 810 2381 eum
824 2341 1039 2392 assequendi
1057 2354 1138 2391 spes
1151 2351 1227 2376 non

77 2404 166 2446 erat,
187 2398 225 2435 in
245 2401 363 2436 castra
380 2398 488 2447 paulo
506 2403 591 2436 ante
611 2411 631 2435 a
658 2399 731 2435 suis
759 2403 865 2447 capta
892 2395 1071 2447 pervenit.
1128 2392 1227 2430 Invi-
