1496 2671
179 193 232 230 64
527 191 574 229 C.
601 190 757 230 JULH
786 189 1044 230 CAESARIS

236 297 336 335 ΧΠ.
368 298 424 335 At
438 298 568 336 hostes
584 298 651 335 ubi
667 299 834 347 primum
850 305 999 336 nostros
1012 299 1160 349 equites
1169 311 1380 349 conspexe-

180 360 288 398 runt,
320 365 484 401 quorum
515 358 598 389 erat
632 353 803 401 quinque
835 353 1000 394 millium
1033 365 1228 398 numeruS‚
1262 366 1382 401 quum

180 406 257 454 ipsi
277 418 355 442 non
375 406 540 454 amplius
563 403 706 442 DCCC
729 407 878 455 equites
906 407 1104 450 haberent,
1126 407 1229 456 quod
1253 406 1293 452 ii,
1314 407 1382 456 qui

181 459 445 496 frumentandi
466 461 582 496 causa
600 459 725 496 ierant
740 468 857 497 ·trans
884 460 1046 504 Mosam,
1069 461 1239 497 nondum
1257 461 1383 508 redie-

179 518 280 557 rant,
303 512 401 551 nihil
421 513 646 550 timentibus
666 514 822 558 nostris,
842 514 944 562 quod
964 514 1082 561 legati
1102 526 1234 550 eorum
1253 514 1384 563 paullo

179 575 269 604 ante
285 579 307 603 a
329 565 481 604 Caesare
503 567 768 611 discesserant,
790 574 906 615 atque
934 567 967 604 is
996 568 1077 604 dies
1105 567 1271 605 induciis
1299 575 1384 605 erat

180 622 228 657 ab
247 621 295 657 iis
318 621 472 668 petitus,
495 621 642 668 impetu
662 619 764 656 facto
793 621 971 657 celeriter
999 622 1382 669 nostros'perturba-

183 681 337 710 verunt.
386 674 537 711 Rursus
553 674 824 711 resistentibus
841 674 997 717 nostris,
1013 674 1293 711 consuetudine
1313 677 1384 712 sua

181 728 231 765 ad
249 727 364 776 pedes
379 728 628 770 desiluerunt,
647 727 908 775 subfossisque
920 727 1031 775 equis
1047 727 1384 776 compluribusque

182 782 324 818 nostris
343 780 516 829 dejectis,
546 781 715 829 reliquos
743 780 784 816 in
814 780 948 829 fugam
975 780 1237 828 conjecerunt,
1266 788 1384 830 atque

181 835 236 871 ita
256 835 483 884 perterritos
503 841 678 883 egerunt,
701 840 744 870 ut
773 846 849 870 non
880 834 986 881 prius
1015 833 1110 882 fuga
1137 835 1384 880 desisterent,

181 901 297 937 quam
319 889 359 924 in
380 895 630 936 conspectum
656 887 822 935 agminis
852 888 974 923 nostri
1003 888 1213 924 venissent.
1270 888 1320 925 In
1339 901 1385 926 eo

181 942 319 991 proelio
347 954 397 978 ex
426 941 623 990 equitibus
651 941 794 978 nostris
827 941 1118 978 interficiuntur
1149 947 1317 989 quatuor
1346 947 1385 979 et

181 995 440 1044 septuaginta,
480 995 521 1031 in
560 995 620 1031 his
651 994 712 1030 vir
743 994 976 1032 fortissimus
1010 993 1110 1040 Piso,
1145 995 1384 1044 Aquitanas,

182 1049 418 1097 amplissimo
451 1061 592 1098 genere
627 1054 752 1091 natus,
787 1047 846 1096 cuj
856 1060 898 1085 us
929 1060 1025 1085 avus
1058 1049 1100 1084 in
1128 1049 1287 1086 civitate
1314 1046 1386 1086 sua.

182 1115 347 1151 regnum
367 1103 600 1147 obtinuerat,
622 1102 768 1138 amicus
783 1103 831 1138 ab
851 1109 986 1139 senatu
1006 1109 1137 1139 nostro
1157 1102 1385 1154 appellatus.

185 1156 263 1194 Hic
282 1169 402 1205 quum
422 1156 532 1192 fratri
553 1156 762 1192 intercluso
782 1156 830 1192 ab
846 1156 1021 1193 hostibus
1040 1155 1231 1193 auxilium
1251 1155 1383 1202 ferret,

182 1210 294 1247 illum
307 1222 356 1247 ex
369 1209 541 1259 periculo
556 1209 717 1258 eripuit3
745 1209 828 1258 ipse
856 1222 956 1258 equo
980 1209 1182 1246 vulnerato
1200 1208 1383 1257 dejectus,

183 1264 311 1312 quoad
329 1264 468 1312 potuit,
490 1263 699 1300 fortissime
718 1263 877 1299 restitit.
937 1261 1067 1308 Quum
1096 1263 1385 1301 circumventus

183 1317 316 1354 multis
350 1317 578 1354 vulneribus
607 1317 773 1364 acceptis
806 1316 1018 1360 cecidisset,
1051 1324 1167 1364 atque
1192 1316 1233 1353 id
1252 1315 1385 1362 frater,

183 1372 251 1420 qui
271 1371 355 1418 jam
376 1371 511 1420 proelio
530 1376 758 1414 excesserat,
782 1370 915 1418 procul
943 1370 1116 1406 animum
1142 1370 1386 1416 advertisset,

184 1425 346 1461 incitato
366 1437 463 1472 equo
483 1437 524 1461 se
545 1424 720 1460 hostibus
739 1423 880 1460 obtulit
893 1429 1010 1471 atque
1028 1422 1256 1460 interfectus
1273 1431 1344 1461 est.

239 1478 361 1514 XIII.
393 1477 479 1514 Hoc
499 1477 600 1514 facto
615 1477 747 1525 proelio
765 1477 894 1514 Caesar
909 1489 1033 1526 neque
1049 1475 1131 1524 jam
1146 1477 1220 1514 sibi
1239 1477 1388 1526 legatos

186 1532 410 1575 audiendos,
440 1543 565 1579 neque
593 1530 834 1567 conditiones
862 1531 1104 1579 accipiendas
1124 1531 1387 1568 arbitrabatur

186 1587 235 1623 ab
255 1586 326 1629 his,
348 1586 414 1634 qui
435 1597 504 1633 per
520 1584 649 1621 dolum
679 1590 794 1632 atque
823 1584 993 1628 insidias,
1017 1582 1137 1633 petita
1157 1584 1386 1632 pace,·ultr0

185 1639 330 1676 bellum
345 1639 583 1675 intulissent:
604 1644 829 1685 exspectare
851 1650 952 1683 ver0,
970 1638 1062 1675 dum
1077 1638 1248 1674 hostium
1266 1638 1386 1687 copiae

187 1699 423 1741 augerentur
438 1693 710 1741 equitatusque
722 1698 996 1735 reverteretur,
1011 1703 1168 1729 summae
1184 1692 1387 1729 dementiae

187 1746 492 1793 essejudicabat‚
507 1754 545 1782 et
558 1747 714 1793 cognita
730 1744 933 1782 Gallorum
946 1745 1183 1789 infirmitate,
1197 1751 1386 1794 quantum

181 1800 263 1848 jam
285 1801 388 1848 apud
407 1812 471 1836 eos
492 1800 619 1836 hostes
641 1812 716 1836 uno
737 1799 869 1847 proelio
889 1799 1129 1835 auctoritatis
1149 1804 1278 1835 essent
1295 1810 1386 1835 con-

189 1854 322 1897 secuti,
340 1853 545 1890 sentiebat:
571 1853 712 1901 quibus
724 1853 772 1889 ad
787 1852 947 1890 consilia
959 1853 1143 1901 capienda
1157 1851 1254 1888 nihil
1269 1851 1388 1901 spatii

189 1909 358 1944 dandum
379 1907 636 1944 existimabat.
696 1904 769 1942 His
788 1906 1009 1943 constitutis
1035 1906 1150 1942 rebus
1170 1911 1208 1942 et
1227 1905 1388 1942 consilio

189 1974 277 1998 cum
297 1961 434 2010 legatis
463 1968 503 1998 et
530 1967 719 2008 quaestore
747 1960 1039 2004 communicato,
1069 1971 1118 1996 ne
1146 1971 1262 2008 quem
1284 1959 1387 1996 diem

189 2027 330 2064 pugnas
351 2015 672 2061 praetermitteret,
695 2013 1019 2062 opportunissima
1039 2025 1100 2049 res
1119 2013 1270 2057 accidit,
1284 2013 1387 2061 quod

190 2069 376 2117 postridie
396 2067 480 2116 ejus
493 2068 569 2104 diei
587 2079 697 2104 mane
715 2067 847 2104 eadem
861 2073 898 2103 et
914 2064 1076 2115 perfidia
1091 2073 1129 2103 et
1144 2066 1388 2103 simulatione

191 2122 250 2159 usi
273 2120 472 2166 Germani,
502 2120 738 2169 frequentes,
763 2121 944 2158 omnibus
972 2120 1214 2169 principibus
1233 2118 1388 2167 majori-

191 2177 339 2222 busque
352 2182 445 2212 natu
459 2175 654 2218 adhibitis,
669 2175 716 2211 ad
729 2186 817 2211 eum
832 2175 872 2210 in
886 2180 1011 2210 castra
1026 2180 1234 2216 venerunt;
1259 2173 1386 2218 simul,

191 2236 235 2265 ut
263 2228 476 2271 dicebatur,
506 2229 565 2264 sui
594 2228 786 2277 purgandi
818 2225 944 2270 causa,
975 2228 1076 2275 quod
1109 2233 1243 2264 contra
1273 2233 1390 2276 atque

192 2291 291 2319 esset
311 2282 457 2318 dictum
478 2288 515 2318 et
534 2282 609 2329 ipsi
629 2282 826 2330 petissent,
844 2281 1023 2330 proelium
1037 2281 1161 2330 pridie
1175 2281 1388 2318 commisis-

192 2343 302 2378 sent;
331 2335 445 2372 simul
479 2341 532 2379 ut,
563 2335 596 2371 si
629 2335 723 2383 quid
752 2343 918 2383 possent,
949 2335 996 2372 de
1025 2335 1192 2371 induciis
1220 2333 1387 2371 fallendo

191 2389 458 2437 impetrarent.
517 2387 624 2434 Quos
653 2388 727 2426 sibi
767 2386 898 2426 Caesar
917 2389 1064 2425 oblatos
1095 2381 1284 2437 gavisus:
1301 2387 1387 2424 illos

193 2443 352 2480 retineri
365 2441 501 2491 jussit;
529 2442 612 2491 ipse
630 2454 762 2480 omnes
782 2442 910 2491 copias
929 2442 1065 2480 castris
1085 2442 1220 2480 eduxit
1239 2440 1387 2490 equita·
