1496 2671
445 115 543 144 cuo
563 116 692 142 MAJOR
711 116 763 142 DE
782 116 1021 145 SENECTUTE.
1268 109 1320 148 29

184 213 248 254 78.
276 212 500 257 Audiebam,
522 211 777 261 Pythagoram
802 212 1147 264 Pythagoreosque,
1176 214 1317 254 incolas

128 280 236 318 paene
254 270 415 310 nostros,
434 264 499 312 qui
517 270 642 303 essent
662 265 784 303 Italici
803 267 1015 317 philosophi
1037 267 1226 316 quondam
1246 281 1314 306 no-

127 320 271 366 minati,
308 330 500 367 nunquam
537 319 740 364 dubitasse,
777 320 867 368 quin
894 333 942 357 ex
980 322 1154 359 universa
1189 327 1316 361 mente

127 374 256 412 diviua
275 373 460 410 delibatos
480 372 624 409 animos
651 372 884 411 haberemus.
943 373 1315 413 Demonstrabantur

125 427 217 466 mihi
235 430 429 476 praeterea,
451 436 532 473 quae
555 425 728 463 Socrates
756 438 931 475 supremo
958 428 1047 466 vitae
1081 429 1143 466 die
1172 429 1220 466 de
1247 429 1316 466 im-

125 480 355 518 mortalitate
375 479 585 516 animorum
609 479 855 527 disseruisset,
875 480 917 525 is,
949 482 1013 529 qui
1031 488 1128 520 esset
1148 482 1315 520 omnium

124 533 418 583 sapientissimus
433 533 585 572 oraculo
599 533 788 582 Apollinis
797 533 1002 582 judicatus.
1048 535 1152 579 Quid
1167 536 1285 574 multa
1297 536 1316 574 ἱ)

125 587 188 624 Sic
206 587 297 624 mihi
316 586 496 635 persuasi,
526 586 579 623 sic
604 586 738 632 sentio,
759 598 873 635 quum
902 592 1010 625 tanta
1036 589 1206 627 celeritas
1234 590 1316 627 ani-

123 652 269 678 morum
289 640 348 686 sit,
370 646 479 678 tanta
505 640 684 677 memoria
711 641 1000 690 praeteritorum,
1030 642 1315 691 futurorumque

123 694 335 743 prudentia,
369 698 428 732 tot
456 698 568 739 artes,
597 698 713 731 tantae
743 694 919 740 scientiae,
951 699 1011 732 tot
1038 695 1206 742 inventa,
1236 709 1314 734 non

122 760 231 796 posse
250 759 332 784 eam
351 752 537 791 naturam,
558 758 639 795 quae
668 759 727 784 res
755 760 816 785 eas
845 747 1050 795 contineat,
1080 761 1160 786 esse
1175 754 1314 788 morta-

122 801 221 838 lem:
252 812 438 849 quumque
467 812 612 849 semper
631 801 798 849 agitetur
817 802 975 847 animus,
1001 814 1071 839 nec
1089 803 1315 852 principium

125 854 249 892 motfis
285 854 433 900 habeat,
463 854 549 902 quia
570 867 608 891 se
635 855 715 903 ipse
742 860 891 892 moveat
906 868 915 899 ;
945 867 994 892 ne
1020 856 1132 893 finem
1162 857 1315 905 quidem

120 908 336 946 habiturum
354 920 433 945 esse
451 907 588 952 motas,
610 908 696 955 quia
707 920 901 956 nunquam
920 921 960 946 se
978 908 1058 958 ipse
1077 909 1124 948 sit
1141 910 1314 948 relictur—

124 975 192 999 us:
224 966 273 1007 et,
295 973 407 1010 quum
428 961 585 1010 simplex
604 961 718 998 animi
737 967 872 999 natura
891 967 1000 1008 esset,
1021 975 1141 1012 neque
1158 963 1315 1002 haberet

123 1016 163 1052 in
181 1028 221 1053 se
239 1015 440 1064 quidquam
457 1014 667 1051 admixtum
687 1015 813 1065 dispar
829 1016 885 1052 sui
901 1020 1013 1064 atque
1028 1016 1219 1063 dissimile,
1237 1030 1315 1055 non

122 1081 234 1119 posse
248 1081 333 1106 eum
349 1068 488 1105 dividi:
509 1068 610 1116 quod.
630 1068 661 1105 si
679 1081 757 1105 non
771 1069 900 1117 possit,
915 1082 992 1106 non
1008 1082 1117 1119 posse
1131 1070 1309 1108 interire:

123 1134 334 1171 magnoque
353 1134 432 1159 esse
451 1127 688 1169 argumento,
709 1122 880 1160 homines
899 1123 993 1160 seire
1020 1124 1197 1173 pleraque
1225 1130 1314 1162 ante

120 1188 233 1224 quam
260 1175 341 1213 nati
370 1175 458 1219 sint,
488 1175 588 1222 quod
610 1175 691 1223 jam
719 1176 837 1224 pueri,
869 1189 982 1224 quum
1011 1182 1111 1215 artes
1142 1178 1313 1215 difficiles

122 1230 282 1275 discant,
303 1229 357 1267 ita
376 1228 548 1266 celeriter
575 1241 635 1265 res
662 1228 955 1267 innumerabiles
975 1231 1168 1280 arripiant,
1190 1236 1232 1269 ut
1251 1244 1312 1269 eas

123 1296 202 1321 non
228 1289 309 1321 tum
334 1282 494 1332 primum
524 1282 693 1331 accipere
721 1282 933 1329 videantur,
965 1284 1032 1322 sed
1059 1284 1247 1322 reminisci
1275 1290 1314 1324 et

122 1336 324 1375 recordari.
381 1335 478 1372 Haec
500 1335 610 1372 Plato
637 1340 778 1373 noster.

180 1390 310 1427 ΧΧΙΙ.
339 1389 403 1428 79.
424 1389 541 1437 Apud
556 1388 848 1437 Xenophontem
866 1394 993 1428 autem
1012 1391 1175 1428 moriens
1191 1391 1314 1441 Cyrus

124 1444 244 1493 major
278 1445 360 1480 hoeo
397 1442 502 1480 dicit.
559 1440 702 1479 Nolite
737 1442 929 1490 arbitrari,
959 1456 980 1480 0
1008 1443 1101 1481 mibi
1128 1444 1316 1482 carissimi

114 1496 213 1546 filii,
231 1509 298 1542 me,
318 1508 429 1547 quum
457 1508 479 1531 α
505 1495 608 1532 vobis
635 1495 843 1542 discessero,
863 1508 1046 1547 nusquam
1070 1500 1136 1535 aut
1163 1497 1316 1536 nullum

114 1550 217 1600 fore.
273 1550 364 1589 Nec
390 1549 502 1594 enim,
532 1549 617 1586 dum
644 1561 742 1586 eram
769 1549 969 1597 vobiscum,
1002 1551 1169 1588 animum
1200 1564 1317 1589 meum

122 1604 314 1650 videbatis,
334 1602 398 1640 sed
412 1614 494 1640 eum
514 1614 591 1640 esse
608 1604 652 1640 iu
681 1601 747 1639 boc
767 1615 926 1653 corpore,
945 1616 992 1642 eoe
1011 1604 1062 1641 iis
1082 1605 1204 1653 rebus,
1223 1619 1317 1656 quas
1334 1643 1335 1646 ,

124 1658 306 1709 gerebam,
325 1654 613 1703 intelligebatis.
670 1655 846 1695 Eundem
874 1659 1004 1707 igitur
1030 1670 1106 1697 esse
1125 1659 1316 1706 creditae,

122 1712 234 1750 etiam
268 1712 304 1748 si
338 1708 490 1748 nullum
527 1709 720 1748 videbitis.
793 1711 856 1749 80.
885 1710 976 1749 Nec
1011 1723 1095 1749 vero
1132 1711 1318 1750 clarorum

123 1767 289 1803 virorum
315 1766 404 1814 post
448 1765 595 1800 mortem
637 1762 795 1803 honores
828 1768 1109 1814 permanerent,
1146 1767 1181 1804 si
1216 1766 1319 1805 nibil

123 1817 287 1871 [eorum]
309 1819 475 1868 ipsorum
494 1817 607 1854 animi
626 1815 822 1867 efficerent,
841 1830 913 1868 quo
936 1818 1083 1856 diutius
1111 1821 1321 1858 memoriam

122 1874 184 1910 sui
199 1878 420 1911 teneremus.
466 1870 576 1908 Mihi
590 1870 736 1921 quidem
748 1883 941 1923 uunquam
946 1872 1167 1922 persuaderi
1170 1875 1316 1923 potuit,

126 1926 281 1972 animos,
314 1925 399 1962 dum
426 1925 471 1962 in
498 1923 720 1976 ¹emporibus
751 1928 869 1964 essent
905 1925 1138 1973 mortalibus,
1167 1928 1317 1976 vivere,-

125 1992 239 2030 quum
257 1979 424 2017 exissent
439 1990 486 2016 επ)
504 1978 568 2025 iis,
588 1980 704 2016 emori
719 1993 734 2027 ,·
764 1992 830 2018 ¹nec
848 1991 943 2027 vero,
963 1985 1043 2018 tum
1061 1981 1226 2018 animum
1244 1993 1320 2020 esse

122 2033 372 2082 insipientem,
399 2044 511 2082 quum
542 2043 590 2069 ex
617 2033 817 2082 insipienti
843 2044 990 2083 corpore
1017 2034 1193 2073 evasisset
1207 2048 1222 2082 ,-
1251 2035 1317 2073 sed

125 2099 238 2137 quum
257 2085 360 2123 omui
377 2085 601 2123 admioetione
632 2087 792 2135 corporis
812 2086 1008 2135 liberatus,
1020 2100 1148 2137 purus
1165 2090 1201 2126 et
1220 2088 1318 2127 inie-

126 2152 195 2192 ger
226 2151 301 2178 esse
330 2139 503 2188 coepissei,
526 2145 606 2177 tum
633 2151 706 2177 esse
734 2141 952 2191 sapientem.
1035 2140 1162 2191 Atque
1193 2142 1317 2190 etiam,

126 2205 241 2245 quum
259 2192 416 2230 bominis
433 2194 574 2230 natura
593 2199 707 2232 morte
723 2193 956 2242 dissolvitur,
972 2196 1175 2233 ceterarum
1195 2207 1319 2234 rerum

118 2247 359 2298 perspicuum
377 2252 431 2284 est
449 2259 519 2297 quo
536 2257 685 2297 quaeque
704 2246 922 2296 discedant,-
952 2247 1088 2286 abeunt
1101 2249 1200 2287 enim
1219 2248 1316 2286 illuc

122 2301 260 2347 omnia,
279 2299 377 2338 uude
395 2302 476 2338 orta
493 2302 614 2337 sunt:
643 2300 791 2338 unimus
819 2307 939 2340 autem
968 2299 1082 2348 solus,
1110 2314 1177 2341 nec
1204 2315 1314 2352 quum

118 2356 234 2402 adest,
251 2366 320 2393 uec
337 2365 449 2404 quum
469 2353 637 2401 discedit,
649 2356 812 2444 ajgmget.
869 2355 936 2393 81.
953 2355 1042 2393 Jam
1060 2367 1147 2394 vero
1164 2355 1313 2404 videtis,
