<?xml version="1.0" encoding="UTF-8"?>
<!DOCTYPE html PUBLIC "-//W3C//DTD XHTML 1.0 Transitional//EN"
    "http://www.w3.org/TR/xhtml1/DTD/xhtml1-transitional.dtd">
<html xmlns="http://www.w3.org/1999/xhtml" xml:lang="en" lang="en">
 <head>
  <title>
</title>
<meta http-equiv="Content-Type" content="text/html;charset=utf-8" />
  <meta name='ocr-system' content='tesseract 3.04.00' />
  <meta name='ocr-capabilities' content='ocr_page ocr_carea ocr_par ocr_line ocrx_word'/>
</head>
<body>
  <div class='ocr_page' id='page_1' title='image "./curriculumlatinu01mont_0115.png"; bbox 0 0 1496 2671; ppageno 0'>
   <div class='ocr_carea' id='block_1_1' title="bbox 355 135 1220 185">
    <p class='ocr_par' dir='ltr' id='par_1_1' title="bbox 355 135 1220 185">
     <span class='ocr_line' id='line_1_1' title="bbox 355 135 1220 185; baseline -0.005 -8"><span class='ocrx_word' id='word_1_1' title='bbox 355 137 545 185; x_wconf 78' lang='lat' dir='ltr'><strong>QUINTI</strong></span> <span class='ocrx_word' id='word_1_2' title='bbox 572 135 762 175; x_wconf 84' lang='lat' dir='ltr'>CURTII</span> <span class='ocrx_word' id='word_1_3' title='bbox 792 137 828 174; x_wconf 88' lang='lat' dir='ltr'><strong>R</strong></span> <span class='ocrx_word' id='word_1_4' title='bbox 837 137 934 175; x_wconf 92' lang='lat' dir='ltr'>UFI.</span> <span class='ocrx_word' id='word_1_5' title='bbox 1170 136 1220 173; x_wconf 79' lang='lat'>45</span> 
     </span>
    </p>
   </div>
   <div class='ocr_carea' id='block_1_2' title="bbox 51 243 1240 2433">
    <p class='ocr_par' dir='ltr' id='par_1_2' title="bbox 51 243 1240 2433">
     <span class='ocr_line' id='line_1_2' title="bbox 60 243 1218 294; baseline -0.005 -8"><span class='ocrx_word' id='word_1_6' title='bbox 60 248 173 286; x_wconf 80' lang='lat' dir='ltr'>triani</span> <span class='ocrx_word' id='word_1_7' title='bbox 189 248 286 285; x_wconf 88' lang='lat' dir='ltr'>inter</span> <span class='ocrx_word' id='word_1_8' title='bbox 303 245 383 283; x_wconf 84' lang='lat' dir='ltr'>illas</span> <span class='ocrx_word' id='word_1_9' title='bbox 410 248 540 294; x_wconf 80' lang='lat' dir='ltr'>gentes</span> <span class='ocrx_word' id='word_1_10' title='bbox 567 243 842 294; x_wconf 77' lang='lat' dir='ltr'>promptissimi,</span> <span class='ocrx_word' id='word_1_11' title='bbox 871 243 1029 281; x_wconf 81' lang='lat' dir='ltr'>horridis</span> <span class='ocrx_word' id='word_1_12' title='bbox 1047 243 1218 293; x_wconf 88' lang='lat' dir='ltr'>ingeniis,</span> 
     </span>
     <span class='ocr_line' id='line_1_3' title="bbox 66 297 1221 348; baseline -0.003 -10"><span class='ocrx_word' id='word_1_13' title='bbox 66 302 293 348; x_wconf 88' lang='lat' dir='ltr'>multumque</span> <span class='ocrx_word' id='word_1_14' title='bbox 319 312 341 336; x_wconf 91' lang='lat' dir='ltr'>a</span> <span class='ocrx_word' id='word_1_15' title='bbox 366 298 559 335; x_wconf 87' lang='lat' dir='ltr'>Persarum</span> <span class='ocrx_word' id='word_1_16' title='bbox 585 298 676 335; x_wconf 79' lang='lat' dir='ltr'>luxu</span> <span class='ocrx_word' id='word_1_17' title='bbox 704 297 1002 344; x_wconf 83' lang='lat' dir='ltr'>abhorrentibus,</span> <span class='ocrx_word' id='word_1_18' title='bbox 1032 298 1092 336; x_wconf 88' lang='lat' dir='ltr'>siti</span> <span class='ocrx_word' id='word_1_19' title='bbox 1118 297 1221 334; x_wconf 87' lang='lat' dir='ltr'>haud</span> 
     </span>
     <span class='ocr_line' id='line_1_4' title="bbox 63 350 1220 404; baseline -0.005 -11"><span class='ocrx_word' id='word_1_20' title='bbox 63 355 191 404; x_wconf 86' lang='lat' dir='ltr'>procul</span> <span class='ocrx_word' id='word_1_21' title='bbox 210 352 428 402; x_wconf 82' lang='lat' dir='ltr'>Scytharum</span> <span class='ocrx_word' id='word_1_22' title='bbox 455 351 729 389; x_wconf 88' lang='lat' dir='ltr'>bellicosissima</span> <span class='ocrx_word' id='word_1_23' title='bbox 754 356 878 398; x_wconf 87' lang='lat' dir='ltr'>gente,</span> <span class='ocrx_word' id='word_1_24' title='bbox 908 357 945 389; x_wconf 87' lang='lat' dir='ltr'>et</span> <span class='ocrx_word' id='word_1_25' title='bbox 972 357 1079 401; x_wconf 87' lang='lat' dir='ltr'>rapto</span> <span class='ocrx_word' id='word_1_26' title='bbox 1097 350 1220 388; x_wconf 85' lang='lat' dir='ltr'>vivere</span> 
     </span>
     <span class='ocr_line' id='line_1_5' title="bbox 66 403 1218 455; baseline -0.003 -10"><span class='ocrx_word' id='word_1_27' title='bbox 66 407 224 450; x_wconf 79' lang='lat' dir='ltr'>assueti3</span> <span class='ocrx_word' id='word_1_28' title='bbox 254 417 469 455; x_wconf 84' lang='lat' dir='ltr'>semperque</span> <span class='ocrx_word' id='word_1_29' title='bbox 488 405 527 441; x_wconf 90' lang='lat' dir='ltr'>in</span> <span class='ocrx_word' id='word_1_30' title='bbox 546 405 656 441; x_wconf 90' lang='lat' dir='ltr'>armis</span> <span class='ocrx_word' id='word_1_31' title='bbox 675 408 812 441; x_wconf 89' lang='lat' dir='ltr'>errant.</span> <span class='ocrx_word' id='word_1_32' title='bbox 870 403 945 440; x_wconf 87' lang='lat' dir='ltr'>Sed</span> <span class='ocrx_word' id='word_1_33' title='bbox 965 405 1111 450; x_wconf 85' lang='lat' dir='ltr'>Bessus,</span> <span class='ocrx_word' id='word_1_34' title='bbox 1142 417 1218 442; x_wconf 87' lang='lat' dir='ltr'>sus-</span> 
     </span>
     <span class='ocr_line' id='line_1_6' title="bbox 64 457 1222 511; baseline -0.003 -13"><span class='ocrx_word' id='word_1_35' title='bbox 64 466 170 511; x_wconf 83' lang='lat' dir='ltr'>pecta</span> <span class='ocrx_word' id='word_1_36' title='bbox 202 459 366 508; x_wconf 88' lang='lat' dir='ltr'>perfidia,</span> <span class='ocrx_word' id='word_1_37' title='bbox 395 459 495 496; x_wconf 84' lang='lat' dir='ltr'>haud</span> <span class='ocrx_word' id='word_1_38' title='bbox 523 471 610 495; x_wconf 86' lang='lat' dir='ltr'>sane</span> <span class='ocrx_word' id='word_1_39' title='bbox 638 470 752 506; x_wconf 87' lang='lat' dir='ltr'>aequo</span> <span class='ocrx_word' id='word_1_40' title='bbox 779 457 901 494; x_wconf 89' lang='lat' dir='ltr'>animo</span> <span class='ocrx_word' id='word_1_41' title='bbox 927 457 966 494; x_wconf 90' lang='lat' dir='ltr'>in</span> <span class='ocrx_word' id='word_1_42' title='bbox 993 459 1156 496; x_wconf 85' lang='lat' dir='ltr'>secundo</span> <span class='ocrx_word' id='word_1_43' title='bbox 1183 471 1222 495; x_wconf 90' lang='lat' dir='ltr'>se</span> 
     </span>
     <span class='ocr_line' id='line_1_7' title="bbox 64 513 1219 562; baseline -0.003 -11"><span class='ocrx_word' id='word_1_44' title='bbox 64 514 256 551; x_wconf 86' lang='lat' dir='ltr'>continens</span> <span class='ocrx_word' id='word_1_45' title='bbox 283 513 416 562; x_wconf 85' lang='lat' dir='ltr'>gradu,</span> <span class='ocrx_word' id='word_1_46' title='bbox 445 525 563 560; x_wconf 83' lang='lat' dir='ltr'>regem</span> <span class='ocrx_word' id='word_1_47' title='bbox 589 513 776 549; x_wconf 88' lang='lat' dir='ltr'>terrebat:</span> <span class='ocrx_word' id='word_1_48' title='bbox 807 523 891 547; x_wconf 89' lang='lat' dir='ltr'>nam</span> <span class='ocrx_word' id='word_1_49' title='bbox 923 523 1035 558; x_wconf 86' lang='lat' dir='ltr'>quum</span> <span class='ocrx_word' id='word_1_50' title='bbox 1062 524 1219 560; x_wconf 89' lang='lat' dir='ltr'>regnum</span> 
     </span>
     <span class='ocr_line' id='line_1_8' title="bbox 64 564 1220 615; baseline -0.002 -11"><span class='ocrx_word' id='word_1_51' title='bbox 64 567 262 611; x_wconf 86' lang='lat' dir='ltr'>affectaret,</span> <span class='ocrx_word' id='word_1_52' title='bbox 282 567 454 615; x_wconf 88' lang='lat' dir='ltr'>proditio,</span> <span class='ocrx_word' id='word_1_53' title='bbox 475 578 548 614; x_wconf 87' lang='lat' dir='ltr'>qua</span> <span class='ocrx_word' id='word_1_54' title='bbox 566 565 642 602; x_wconf 86' lang='lat' dir='ltr'>sola</span> <span class='ocrx_word' id='word_1_55' title='bbox 660 565 700 601; x_wconf 92' lang='lat' dir='ltr'>id</span> <span class='ocrx_word' id='word_1_56' title='bbox 719 564 862 612; x_wconf 78' lang='lat' dir='ltr'>assequi</span> <span class='ocrx_word' id='word_1_57' title='bbox 881 570 1039 612; x_wconf 84' lang='lat' dir='ltr'>poterat,</span> <span class='ocrx_word' id='word_1_58' title='bbox 1071 565 1220 602; x_wconf 89' lang='lat' dir='ltr'>timeba-</span> 
     </span>
     <span class='ocr_line' id='line_1_9' title="bbox 64 618 1222 668; baseline -0.003 -10"><span class='ocrx_word' id='word_1_59' title='bbox 64 628 136 658; x_wconf 86' lang='lat' dir='ltr'>tur.</span> <span class='ocrx_word' id='word_1_60' title='bbox 193 620 366 658; x_wconf 87' lang='lat' dir='ltr'>Ceterum</span> <span class='ocrx_word' id='word_1_61' title='bbox 382 619 608 664; x_wconf 86' lang='lat' dir='ltr'>Alexander,</span> <span class='ocrx_word' id='word_1_62' title='bbox 623 631 730 666; x_wconf 90' lang='lat' dir='ltr'>quam</span> <span class='ocrx_word' id='word_1_63' title='bbox 746 619 933 666; x_wconf 86' lang='lat' dir='ltr'>regionem</span> <span class='ocrx_word' id='word_1_64' title='bbox 953 618 1091 655; x_wconf 87' lang='lat' dir='ltr'>Darius</span> <span class='ocrx_word' id='word_1_65' title='bbox 1110 619 1222 668; x_wconf 85' lang='lat' dir='ltr'>petis-</span> 
     </span>
     <span class='ocr_line' id='line_1_10' title="bbox 63 672 1219 721; baseline -0.002 -10"><span class='ocrx_word' id='word_1_66' title='bbox 63 679 117 711; x_wconf 89' lang='lat' dir='ltr'>set</span> <span class='ocrx_word' id='word_1_67' title='bbox 136 674 236 711; x_wconf 90' lang='lat' dir='ltr'>omni</span> <span class='ocrx_word' id='word_1_68' title='bbox 255 686 343 710; x_wconf 85' lang='lat' dir='ltr'>cura</span> <span class='ocrx_word' id='word_1_69' title='bbox 370 674 567 721; x_wconf 80' lang='lat' dir='ltr'>vestigans,</span> <span class='ocrx_word' id='word_1_70' title='bbox 587 678 709 710; x_wconf 85' lang='lat' dir='ltr'>tamen</span> <span class='ocrx_word' id='word_1_71' title='bbox 731 672 922 721; x_wconf 79' lang='lat' dir='ltr'>explorare</span> <span class='ocrx_word' id='word_1_72' title='bbox 948 684 1024 708; x_wconf 90' lang='lat' dir='ltr'>non</span> <span class='ocrx_word' id='word_1_73' title='bbox 1043 677 1189 721; x_wconf 87' lang='lat' dir='ltr'>poterat</span> <span class='ocrx_word' id='word_1_74' title='bbox 1210 686 1219 717; x_wconf 82' lang='lat'>3</span> 
     </span>
     <span class='ocr_line' id='line_1_11' title="bbox 63 725 1221 776; baseline -0.003 -12"><span class='ocrx_word' id='word_1_75' title='bbox 63 740 164 764; x_wconf 89' lang='lat' dir='ltr'>more</span> <span class='ocrx_word' id='word_1_76' title='bbox 181 727 339 776; x_wconf 85' lang='lat' dir='ltr'>quodam</span> <span class='ocrx_word' id='word_1_77' title='bbox 370 727 574 771; x_wconf 78' lang='lat' dir='ltr'>Persarum,</span> <span class='ocrx_word' id='word_1_78' title='bbox 604 738 738 762; x_wconf 88' lang='lat' dir='ltr'>arcana</span> <span class='ocrx_word' id='word_1_79' title='bbox 763 737 892 773; x_wconf 87' lang='lat' dir='ltr'>regum</span> <span class='ocrx_word' id='word_1_80' title='bbox 912 725 1004 762; x_wconf 88' lang='lat' dir='ltr'>mira</span> <span class='ocrx_word' id='word_1_81' title='bbox 1022 726 1221 763; x_wconf 84' lang='lat' dir='ltr'>celantium</span> 
     </span>
     <span class='ocr_line' id='line_1_12' title="bbox 61 779 1223 829; baseline -0.003 -12"><span class='ocrx_word' id='word_1_82' title='bbox 61 781 150 818; x_wconf 85' lang='lat' dir='ltr'>fide:</span> <span class='ocrx_word' id='word_1_83' title='bbox 179 793 254 818; x_wconf 89' lang='lat' dir='ltr'>non</span> <span class='ocrx_word' id='word_1_84' title='bbox 279 786 409 825; x_wconf 84' lang='lat' dir='ltr'>metus,</span> <span class='ocrx_word' id='word_1_85' title='bbox 431 793 506 817; x_wconf 89' lang='lat' dir='ltr'>non</span> <span class='ocrx_word' id='word_1_86' title='bbox 533 792 614 829; x_wconf 88' lang='lat' dir='ltr'>spes</span> <span class='ocrx_word' id='word_1_87' title='bbox 642 779 741 817; x_wconf 86' lang='lat' dir='ltr'>elicit</span> <span class='ocrx_word' id='word_1_88' title='bbox 766 791 892 816; x_wconf 88' lang='lat' dir='ltr'>vocem</span> <span class='ocrx_word' id='word_1_89' title='bbox 919 789 992 825; x_wconf 88' lang='lat' dir='ltr'>qua</span> <span class='ocrx_word' id='word_1_90' title='bbox 1017 779 1223 828; x_wconf 77' lang='lat' dir='ltr'>prodantur</span> 
     </span>
     <span class='ocr_line' id='line_1_13' title="bbox 60 832 1223 882; baseline -0.002 -12"><span class='ocrx_word' id='word_1_91' title='bbox 60 834 204 872; x_wconf 85' lang='lat' dir='ltr'>occulta</span> <span class='ocrx_word' id='word_1_92' title='bbox 222 848 231 876; x_wconf 77' lang='grc' dir='ltr'><strong>ς</strong></span> <span class='ocrx_word' id='word_1_93' title='bbox 262 840 366 871; x_wconf 91' lang='lat' dir='ltr'>vetus</span> <span class='ocrx_word' id='word_1_94' title='bbox 385 834 578 882; x_wconf 84' lang='lat' dir='ltr'>disciplina</span> <span class='ocrx_word' id='word_1_95' title='bbox 595 846 724 882; x_wconf 89' lang='lat' dir='ltr'>regum</span> <span class='ocrx_word' id='word_1_96' title='bbox 744 832 929 870; x_wconf 90' lang='lat' dir='ltr'>silentium</span> <span class='ocrx_word' id='word_1_97' title='bbox 945 833 1040 870; x_wconf 82' lang='lat' dir='ltr'>vitae</span> <span class='ocrx_word' id='word_1_98' title='bbox 1059 832 1223 881; x_wconf 88' lang='lat' dir='ltr'>periculo</span> 
     </span>
     <span class='ocr_line' id='line_1_14' title="bbox 61 886 1220 936; baseline -0.003 -12"><span class='ocrx_word' id='word_1_99' title='bbox 61 900 246 926; x_wconf 86' lang='lat' dir='ltr'>sanxerat.</span> <span class='ocrx_word' id='word_1_100' title='bbox 301 887 449 936; x_wconf 80' lang='lat' dir='ltr'>Lingua</span> <span class='ocrx_word' id='word_1_101' title='bbox 476 888 625 936; x_wconf 88' lang='lat' dir='ltr'>gravius</span> <span class='ocrx_word' id='word_1_102' title='bbox 644 887 846 935; x_wconf 85' lang='lat' dir='ltr'>castigatur</span> <span class='ocrx_word' id='word_1_103' title='bbox 873 898 982 934; x_wconf 90' lang='lat' dir='ltr'>quam</span> <span class='ocrx_word' id='word_1_104' title='bbox 1001 886 1117 923; x_wconf 88' lang='lat' dir='ltr'>ullum</span> <span class='ocrx_word' id='word_1_105' title='bbox 1137 898 1220 934; x_wconf 89' lang='lat' dir='ltr'>pro-</span> 
     </span>
     <span class='ocr_line' id='line_1_15' title="bbox 59 940 1220 990; baseline -0.003 -12"><span class='ocrx_word' id='word_1_106' title='bbox 59 942 188 978; x_wconf 86' lang='lat' dir='ltr'>brum:</span> <span class='ocrx_word' id='word_1_107' title='bbox 216 954 286 978; x_wconf 86' lang='lat' dir='ltr'>nee</span> <span class='ocrx_word' id='word_1_108' title='bbox 305 954 474 990; x_wconf 85' lang='lat' dir='ltr'>magnam</span> <span class='ocrx_word' id='word_1_109' title='bbox 504 954 581 978; x_wconf 89' lang='lat' dir='ltr'>rem</span> <span class='ocrx_word' id='word_1_110' title='bbox 601 941 773 977; x_wconf 84' lang='lat' dir='ltr'>sustineri</span> <span class='ocrx_word' id='word_1_111' title='bbox 798 952 905 989; x_wconf 89' lang='lat' dir='ltr'>posse</span> <span class='ocrx_word' id='word_1_112' title='bbox 925 940 1083 977; x_wconf 86' lang='lat' dir='ltr'>credunt</span> <span class='ocrx_word' id='word_1_113' title='bbox 1101 940 1148 976; x_wconf 86' lang='lat' dir='ltr'>ab</span> <span class='ocrx_word' id='word_1_114' title='bbox 1176 952 1220 976; x_wconf 83' lang='lat' dir='ltr'>eo</span> 
     </span>
     <span class='ocr_line' id='line_1_16' title="bbox 60 993 1222 1044; baseline -0.002 -13"><span class='ocrx_word' id='word_1_115' title='bbox 60 995 120 1032; x_wconf 89' lang='lat' dir='ltr'>cui</span> <span class='ocrx_word' id='word_1_116' title='bbox 146 1002 269 1032; x_wconf 86' lang='lat' dir='ltr'>tacere</span> <span class='ocrx_word' id='word_1_117' title='bbox 285 1007 398 1043; x_wconf 83' lang='lat' dir='ltr'>grave</span> <span class='ocrx_word' id='word_1_118' title='bbox 424 995 500 1038; x_wconf 86' lang='lat' dir='ltr'>sit;</span> <span class='ocrx_word' id='word_1_119' title='bbox 530 994 630 1044; x_wconf 89' lang='lat' dir='ltr'>quod</span> <span class='ocrx_word' id='word_1_120' title='bbox 657 994 796 1030; x_wconf 90' lang='lat' dir='ltr'>homini</span> <span class='ocrx_word' id='word_1_121' title='bbox 823 993 1036 1030; x_wconf 88' lang='lat' dir='ltr'>facil-limum</span> <span class='ocrx_word' id='word_1_122' title='bbox 1065 993 1222 1030; x_wconf 84' lang='lat' dir='ltr'>voluerit</span> 
     </span>
     <span class='ocr_line' id='line_1_17' title="bbox 60 1047 1223 1094; baseline -0.003 -9"><span class='ocrx_word' id='word_1_123' title='bbox 60 1061 137 1085; x_wconf 89' lang='lat' dir='ltr'>esse</span> <span class='ocrx_word' id='word_1_124' title='bbox 157 1053 302 1086; x_wconf 87' lang='lat' dir='ltr'>natura.</span> <span class='ocrx_word' id='word_1_125' title='bbox 342 1048 402 1086; x_wconf 93' lang='lat' dir='ltr'>Ob</span> <span class='ocrx_word' id='word_1_126' title='bbox 421 1049 515 1085; x_wconf 87' lang='lat' dir='ltr'>hane</span> <span class='ocrx_word' id='word_1_127' title='bbox 533 1061 678 1085; x_wconf 86' lang='lat' dir='ltr'>causam</span> <span class='ocrx_word' id='word_1_128' title='bbox 701 1047 925 1091; x_wconf 80' lang='lat' dir='ltr'>Alexander,</span> <span class='ocrx_word' id='word_1_129' title='bbox 947 1047 1110 1083; x_wconf 85' lang='lat' dir='ltr'>omnium</span> <span class='ocrx_word' id='word_1_130' title='bbox 1128 1059 1223 1094; x_wconf 83' lang='lat' dir='ltr'>quac</span> 
     </span>
     <span class='ocr_line' id='line_1_18' title="bbox 61 1099 1222 1151; baseline -0.002 -13"><span class='ocrx_word' id='word_1_131' title='bbox 61 1102 157 1151; x_wconf 84' lang='lat' dir='ltr'>apud</span> <span class='ocrx_word' id='word_1_132' title='bbox 177 1102 318 1139; x_wconf 81' lang='lat' dir='ltr'>hostem</span> <span class='ocrx_word' id='word_1_133' title='bbox 347 1106 565 1150; x_wconf 79' lang='lat' dir='ltr'>gererentur</span> <span class='ocrx_word' id='word_1_134' title='bbox 591 1102 753 1149; x_wconf 76' lang='lat' dir='ltr'>ignarUS,</span> <span class='ocrx_word' id='word_1_135' title='bbox 774 1102 903 1137; x_wconf 89' lang='lat' dir='ltr'>urbem</span> <span class='ocrx_word' id='word_1_136' title='bbox 932 1100 1058 1137; x_wconf 83' lang='lat' dir='ltr'>Gazan</span> <span class='ocrx_word' id='word_1_137' title='bbox 1078 1099 1222 1137; x_wconf 86' lang='lat' dir='ltr'>obside-</span> 
     </span>
     <span class='ocr_line' id='line_1_19' title="bbox 60 1153 1222 1203; baseline -0.002 -12"><span class='ocrx_word' id='word_1_138' title='bbox 60 1156 137 1192; x_wconf 90' lang='lat' dir='ltr'>bat.</span> <span class='ocrx_word' id='word_1_139' title='bbox 194 1155 367 1192; x_wconf 82' lang='lat' dir='ltr'>Praeerat</span> <span class='ocrx_word' id='word_1_140' title='bbox 402 1155 436 1191; x_wconf 88' lang='lat' dir='ltr'>ei</span> <span class='ocrx_word' id='word_1_141' title='bbox 467 1155 578 1199; x_wconf 85' lang='lat' dir='ltr'>Betis,</span> <span class='ocrx_word' id='word_1_142' title='bbox 603 1155 758 1191; x_wconf 83' lang='lat' dir='ltr'>eximiae</span> <span class='ocrx_word' id='word_1_143' title='bbox 784 1154 821 1190; x_wconf 89' lang='lat' dir='ltr'>in</span> <span class='ocrx_word' id='word_1_144' title='bbox 850 1166 975 1203; x_wconf 89' lang='lat' dir='ltr'>regem</span> <span class='ocrx_word' id='word_1_145' title='bbox 1001 1167 1109 1190; x_wconf 89' lang='lat' dir='ltr'>suum</span> <span class='ocrx_word' id='word_1_146' title='bbox 1136 1153 1222 1190; x_wconf 85' lang='lat' dir='ltr'>fidei</span> 
     </span>
     <span class='ocr_line' id='line_1_20' title="bbox 60 1207 1142 1257; baseline -0.001 -12"><span class='ocrx_word' id='word_1_147' title='bbox 60 1209 276 1256; x_wconf 81' lang='lat' dir='ltr'>modicoque</span> <span class='ocrx_word' id='word_1_148' title='bbox 295 1208 478 1257; x_wconf 82' lang='lat' dir='ltr'>praesidio</span> <span class='ocrx_word' id='word_1_149' title='bbox 497 1220 621 1245; x_wconf 90' lang='lat' dir='ltr'>muros</span> <span class='ocrx_word' id='word_1_150' title='bbox 640 1207 803 1256; x_wconf 83' lang='lat' dir='ltr'>ingentis</span> <span class='ocrx_word' id='word_1_151' title='bbox 822 1208 941 1256; x_wconf 88' lang='lat' dir='ltr'>operis</span> <span class='ocrx_word' id='word_1_152' title='bbox 957 1208 1142 1246; x_wconf 86' lang='lat' dir='ltr'>tuebatur.</span> 
     </span>
     <span class='ocr_line' id='line_1_21' title="bbox 111 1261 1222 1310; baseline -0.001 -12"><span class='ocrx_word' id='word_1_153' title='bbox 111 1261 255 1299; x_wconf 86' lang='lat' dir='ltr'>XXIV.</span> <span class='ocrx_word' id='word_1_154' title='bbox 282 1261 496 1299; x_wconf 82' lang='lat' dir='ltr'>Alexander</span> <span class='ocrx_word' id='word_1_155' title='bbox 524 1262 716 1299; x_wconf 79' lang='lat' dir='ltr'>aestimato</span> <span class='ocrx_word' id='word_1_156' title='bbox 743 1261 904 1298; x_wconf 84' lang='lat' dir='ltr'>locorum</span> <span class='ocrx_word' id='word_1_157' title='bbox 926 1262 1010 1310; x_wconf 79' lang='lat' dir='ltr'>situ,</span> <span class='ocrx_word' id='word_1_158' title='bbox 1031 1261 1091 1310; x_wconf 82' lang='lat' dir='ltr'>agi</span> <span class='ocrx_word' id='word_1_159' title='bbox 1119 1261 1222 1298; x_wconf 90' lang='lat' dir='ltr'>cuni-</span> 
     </span>
     <span class='ocr_line' id='line_1_22' title="bbox 58 1315 1221 1364; baseline -0.003 -11"><span class='ocrx_word' id='word_1_160' title='bbox 58 1316 159 1353; x_wconf 81' lang='lat' dir='ltr'>culos</span> <span class='ocrx_word' id='word_1_161' title='bbox 189 1315 312 1364; x_wconf 87' lang='lat' dir='ltr'>jussit,</span> <span class='ocrx_word' id='word_1_162' title='bbox 351 1315 448 1352; x_wconf 88' lang='lat' dir='ltr'>facili</span> <span class='ocrx_word' id='word_1_163' title='bbox 476 1328 518 1352; x_wconf 86' lang='lat' dir='ltr'>ac</span> <span class='ocrx_word' id='word_1_164' title='bbox 553 1315 624 1352; x_wconf 89' lang='lat' dir='ltr'>levi</span> <span class='ocrx_word' id='word_1_165' title='bbox 650 1315 764 1351; x_wconf 90' lang='lat' dir='ltr'>humo</span> <span class='ocrx_word' id='word_1_166' title='bbox 793 1321 1010 1363; x_wconf 82' lang='lat' dir='ltr'>acceptante</span> <span class='ocrx_word' id='word_1_167' title='bbox 1036 1315 1221 1352; x_wconf 84' lang='lat' dir='ltr'>occultum</span> 
     </span>
     <span class='ocr_line' id='line_1_23' title="bbox 58 1368 1216 1418; baseline 0.002 -14"><span class='ocrx_word' id='word_1_168' title='bbox 58 1382 173 1418; x_wconf 84' lang='lat' dir='ltr'>opus:</span> <span class='ocrx_word' id='word_1_169' title='bbox 205 1370 340 1418; x_wconf 89' lang='lat' dir='ltr'>quippe</span> <span class='ocrx_word' id='word_1_170' title='bbox 375 1369 530 1406; x_wconf 88' lang='lat' dir='ltr'>multam</span> <span class='ocrx_word' id='word_1_171' title='bbox 557 1381 705 1405; x_wconf 83' lang='lat' dir='ltr'>arenam</span> <span class='ocrx_word' id='word_1_172' title='bbox 732 1368 894 1405; x_wconf 85' lang='lat' dir='ltr'>vicinum</span> <span class='ocrx_word' id='word_1_173' title='bbox 922 1381 1022 1405; x_wconf 88' lang='lat' dir='ltr'>mare</span> <span class='ocrx_word' id='word_1_174' title='bbox 1051 1369 1216 1410; x_wconf 75' lang='lat' dir='ltr'>evomit3</span> 
     </span>
     <span class='ocr_line' id='line_1_24' title="bbox 61 1422 1217 1471; baseline 0 -13"><span class='ocrx_word' id='word_1_175' title='bbox 61 1434 127 1459; x_wconf 87' lang='lat' dir='ltr'>nec</span> <span class='ocrx_word' id='word_1_176' title='bbox 147 1435 234 1460; x_wconf 82' lang='lat' dir='ltr'>saxa</span> <span class='ocrx_word' id='word_1_177' title='bbox 252 1428 437 1470; x_wconf 73' lang='lat' dir='ltr'>cotesque,</span> <span class='ocrx_word' id='word_1_178' title='bbox 466 1434 558 1470; x_wconf 89' lang='lat' dir='ltr'>quae</span> <span class='ocrx_word' id='word_1_179' title='bbox 577 1422 816 1470; x_wconf 76' lang='lat' dir='ltr'>interpellent</span> <span class='ocrx_word' id='word_1_180' title='bbox 843 1435 984 1471; x_wconf 83' lang='lat' dir='ltr'>specus,</span> <span class='ocrx_word' id='word_1_181' title='bbox 1005 1422 1217 1460; x_wconf 81' lang='lat' dir='ltr'>obstabant.</span> 
     </span>
     <span class='ocr_line' id='line_1_25' title="bbox 59 1475 1218 1525; baseline 0.002 -14"><span class='ocrx_word' id='word_1_182' title='bbox 59 1475 179 1524; x_wconf 89' lang='lat' dir='ltr'>Igitur</span> <span class='ocrx_word' id='word_1_183' title='bbox 197 1477 244 1513; x_wconf 87' lang='lat' dir='ltr'>ab</span> <span class='ocrx_word' id='word_1_184' title='bbox 271 1489 313 1513; x_wconf 88' lang='lat' dir='ltr'>ea</span> <span class='ocrx_word' id='word_1_185' title='bbox 331 1482 447 1525; x_wconf 88' lang='lat' dir='ltr'>parte,</span> <span class='ocrx_word' id='word_1_186' title='bbox 468 1489 578 1525; x_wconf 87' lang='lat' dir='ltr'>quam</span> <span class='ocrx_word' id='word_1_187' title='bbox 598 1475 775 1525; x_wconf 86' lang='lat' dir='ltr'>oppidani</span> <span class='ocrx_word' id='word_1_188' title='bbox 795 1477 1006 1525; x_wconf 83' lang='lat' dir='ltr'>conspicere</span> <span class='ocrx_word' id='word_1_189' title='bbox 1032 1488 1108 1512; x_wconf 91' lang='lat' dir='ltr'>non</span> <span class='ocrx_word' id='word_1_190' title='bbox 1134 1488 1218 1525; x_wconf 84' lang='lat' dir='ltr'>pos-</span> 
     </span>
     <span class='ocr_line' id='line_1_26' title="bbox 57 1529 1214 1579; baseline 0 -14"><span class='ocrx_word' id='word_1_191' title='bbox 57 1534 151 1574; x_wconf 84' lang='lat' dir='ltr'>sent,</span> <span class='ocrx_word' id='word_1_192' title='bbox 173 1542 264 1579; x_wconf 90' lang='lat' dir='ltr'>opus</span> <span class='ocrx_word' id='word_1_193' title='bbox 283 1542 398 1574; x_wconf 88' lang='lat' dir='ltr'>orsus,</span> <span class='ocrx_word' id='word_1_194' title='bbox 420 1535 462 1566; x_wconf 89' lang='lat' dir='ltr'>ut</span> <span class='ocrx_word' id='word_1_195' title='bbox 480 1542 501 1566; x_wconf 87' lang='lat' dir='ltr'>a</span> <span class='ocrx_word' id='word_1_196' title='bbox 519 1541 628 1567; x_wconf 89' lang='lat' dir='ltr'>sensu</span> <span class='ocrx_word' id='word_1_197' title='bbox 647 1529 726 1578; x_wconf 89' lang='lat' dir='ltr'>ejus</span> <span class='ocrx_word' id='word_1_198' title='bbox 745 1535 940 1574; x_wconf 85' lang='lat' dir='ltr'>averteret,</span> <span class='ocrx_word' id='word_1_199' title='bbox 960 1535 1080 1567; x_wconf 85' lang='lat' dir='ltr'>turres</span> <span class='ocrx_word' id='word_1_200' title='bbox 1099 1530 1214 1566; x_wconf 85' lang='lat' dir='ltr'>muris</span> 
     </span>
     <span class='ocr_line' id='line_1_27' title="bbox 57 1583 1217 1632; baseline 0 -13"><span class='ocrx_word' id='word_1_201' title='bbox 57 1583 246 1620; x_wconf 87' lang='lat' dir='ltr'>admoveri</span> <span class='ocrx_word' id='word_1_202' title='bbox 259 1583 380 1632; x_wconf 86' lang='lat' dir='ltr'>jubet.</span> <span class='ocrx_word' id='word_1_203' title='bbox 437 1583 512 1620; x_wconf 88' lang='lat' dir='ltr'>Sed</span> <span class='ocrx_word' id='word_1_204' title='bbox 538 1583 664 1619; x_wconf 88' lang='lat' dir='ltr'>eadem</span> <span class='ocrx_word' id='word_1_205' title='bbox 685 1583 819 1619; x_wconf 88' lang='lat' dir='ltr'>humus</span> <span class='ocrx_word' id='word_1_206' title='bbox 839 1583 1078 1620; x_wconf 77' lang='lat' dir='ltr'>admovendis</span> <span class='ocrx_word' id='word_1_207' title='bbox 1104 1583 1217 1621; x_wconf 88' lang='lat' dir='ltr'>inuti-</span> 
     </span>
     <span class='ocr_line' id='line_1_28' title="bbox 55 1636 1215 1685; baseline 0.001 -13"><span class='ocrx_word' id='word_1_208' title='bbox 55 1637 100 1673; x_wconf 90' lang='lat' dir='ltr'>lis</span> <span class='ocrx_word' id='word_1_209' title='bbox 119 1637 294 1682; x_wconf 86' lang='lat' dir='ltr'>turribus,</span> <span class='ocrx_word' id='word_1_210' title='bbox 316 1636 508 1674; x_wconf 81' lang='lat' dir='ltr'>desidente</span> <span class='ocrx_word' id='word_1_211' title='bbox 527 1636 668 1681; x_wconf 88' lang='lat' dir='ltr'>sabulo,</span> <span class='ocrx_word' id='word_1_212' title='bbox 690 1637 894 1685; x_wconf 82' lang='lat' dir='ltr'>agilitatem</span> <span class='ocrx_word' id='word_1_213' title='bbox 914 1643 1077 1674; x_wconf 84' lang='lat' dir='ltr'>rotarum</span> <span class='ocrx_word' id='word_1_214' title='bbox 1097 1649 1215 1673; x_wconf 86' lang='lat' dir='ltr'>mora—</span> 
     </span>
     <span class='ocr_line' id='line_1_29' title="bbox 57 1689 1216 1739; baseline 0 -12"><span class='ocrx_word' id='word_1_215' title='bbox 57 1691 178 1735; x_wconf 86' lang='lat' dir='ltr'>batur,</span> <span class='ocrx_word' id='word_1_216' title='bbox 199 1695 236 1728; x_wconf 89' lang='lat' dir='ltr'>et</span> <span class='ocrx_word' id='word_1_217' title='bbox 255 1690 421 1728; x_wconf 82' lang='lat' dir='ltr'>tabulata</span> <span class='ocrx_word' id='word_1_218' title='bbox 440 1689 598 1727; x_wconf 88' lang='lat' dir='ltr'>turrium</span> <span class='ocrx_word' id='word_1_219' title='bbox 625 1690 879 1738; x_wconf 80' lang='lat' dir='ltr'>perfringebat</span> <span class='ocrx_word' id='word_1_220' title='bbox 899 1704 906 1727; x_wconf 91' lang='lat'>:</span> <span class='ocrx_word' id='word_1_221' title='bbox 937 1691 1118 1739; x_wconf 85' lang='lat' dir='ltr'>multique</span> <span class='ocrx_word' id='word_1_222' title='bbox 1136 1691 1216 1727; x_wconf 90' lang='lat' dir='ltr'>vul-</span> 
     </span>
     <span class='ocr_line' id='line_1_30' title="bbox 54 1743 1216 1794; baseline 0 -14"><span class='ocrx_word' id='word_1_223' title='bbox 54 1744 280 1794; x_wconf 72' lang='lat' dir='ltr'>nerabantur</span> <span class='ocrx_word' id='word_1_224' title='bbox 304 1744 466 1793; x_wconf 89' lang='lat' dir='ltr'>impune,</span> <span class='ocrx_word' id='word_1_225' title='bbox 495 1756 609 1792; x_wconf 88' lang='lat' dir='ltr'>quum</span> <span class='ocrx_word' id='word_1_226' title='bbox 636 1743 735 1780; x_wconf 88' lang='lat' dir='ltr'>idem</span> <span class='ocrx_word' id='word_1_227' title='bbox 761 1744 981 1792; x_wconf 87' lang='lat' dir='ltr'>recipiendis</span> <span class='ocrx_word' id='word_1_228' title='bbox 1000 1744 1064 1793; x_wconf 90' lang='lat' dir='ltr'>qui</span> <span class='ocrx_word' id='word_1_229' title='bbox 1090 1744 1216 1780; x_wconf 87' lang='lat' dir='ltr'>admo-</span> 
     </span>
     <span class='ocr_line' id='line_1_31' title="bbox 51 1796 1217 1846; baseline 0 -13"><span class='ocrx_word' id='word_1_230' title='bbox 51 1797 180 1834; x_wconf 88' lang='lat' dir='ltr'>vendis</span> <span class='ocrx_word' id='word_1_231' title='bbox 198 1797 362 1835; x_wconf 87' lang='lat' dir='ltr'>turribus</span> <span class='ocrx_word' id='word_1_232' title='bbox 380 1797 484 1834; x_wconf 89' lang='lat' dir='ltr'>labor</span> <span class='ocrx_word' id='word_1_233' title='bbox 502 1809 564 1834; x_wconf 91' lang='lat' dir='ltr'>eos</span> <span class='ocrx_word' id='word_1_234' title='bbox 582 1796 767 1845; x_wconf 82' lang='lat' dir='ltr'>fatigaret.</span> <span class='ocrx_word' id='word_1_235' title='bbox 807 1797 908 1846; x_wconf 89' lang='lat' dir='ltr'>Ergo</span> <span class='ocrx_word' id='word_1_236' title='bbox 926 1797 1092 1846; x_wconf 84' lang='lat' dir='ltr'>receptui</span> <span class='ocrx_word' id='word_1_237' title='bbox 1110 1798 1217 1846; x_wconf 87' lang='lat' dir='ltr'>signo</span> 
     </span>
     <span class='ocr_line' id='line_1_32' title="bbox 54 1850 1216 1900; baseline 0 -12"><span class='ocrx_word' id='word_1_238' title='bbox 54 1850 154 1896; x_wconf 84' lang='lat' dir='ltr'>dato,</span> <span class='ocrx_word' id='word_1_239' title='bbox 174 1856 322 1900; x_wconf 88' lang='lat' dir='ltr'>postero</span> <span class='ocrx_word' id='word_1_240' title='bbox 341 1851 402 1888; x_wconf 89' lang='lat' dir='ltr'>die</span> <span class='ocrx_word' id='word_1_241' title='bbox 417 1863 540 1887; x_wconf 88' lang='lat' dir='ltr'>muros</span> <span class='ocrx_word' id='word_1_242' title='bbox 555 1863 690 1887; x_wconf 88' lang='lat' dir='ltr'>corona</span> <span class='ocrx_word' id='word_1_243' title='bbox 705 1851 925 1887; x_wconf 83' lang='lat' dir='ltr'>circumdari</span> <span class='ocrx_word' id='word_1_244' title='bbox 938 1851 1064 1899; x_wconf 87' lang='lat' dir='ltr'>jussit.</span> <span class='ocrx_word' id='word_1_245' title='bbox 1104 1851 1216 1889; x_wconf 87' lang='lat' dir='ltr'>Orto-</span> 
     </span>
     <span class='ocr_line' id='line_1_33' title="bbox 58 1904 1217 1954; baseline 0.001 -14"><span class='ocrx_word' id='word_1_246' title='bbox 58 1916 128 1952; x_wconf 88' lang='lat' dir='ltr'>que</span> <span class='ocrx_word' id='word_1_247' title='bbox 150 1904 237 1950; x_wconf 88' lang='lat' dir='ltr'>sole,</span> <span class='ocrx_word' id='word_1_248' title='bbox 265 1904 480 1954; x_wconf 87' lang='lat' dir='ltr'>priusquam</span> <span class='ocrx_word' id='word_1_249' title='bbox 506 1904 720 1942; x_wconf 87' lang='lat' dir='ltr'>admoveret</span> <span class='ocrx_word' id='word_1_250' title='bbox 737 1904 950 1950; x_wconf 86' lang='lat' dir='ltr'>exercitum,</span> <span class='ocrx_word' id='word_1_251' title='bbox 981 1917 1088 1953; x_wconf 87' lang='lat' dir='ltr'>opem</span> <span class='ocrx_word' id='word_1_252' title='bbox 1107 1904 1217 1942; x_wconf 70' lang='lat' dir='ltr'>deum</span> 
     </span>
     <span class='ocr_line' id='line_1_34' title="bbox 57 1957 1215 2007; baseline 0.002 -14"><span class='ocrx_word' id='word_1_253' title='bbox 57 1969 268 2005; x_wconf 83' lang='lat' dir='ltr'>exposcens,</span> <span class='ocrx_word' id='word_1_254' title='bbox 299 1971 442 1995; x_wconf 84' lang='lat' dir='ltr'>sacrum</span> <span class='ocrx_word' id='word_1_255' title='bbox 469 1958 589 2007; x_wconf 82' lang='lat' dir='ltr'>patrio</span> <span class='ocrx_word' id='word_1_256' title='bbox 618 1971 719 1995; x_wconf 87' lang='lat' dir='ltr'>more</span> <span class='ocrx_word' id='word_1_257' title='bbox 744 1957 913 1995; x_wconf 85' lang='lat' dir='ltr'>faciebat.</span> <span class='ocrx_word' id='word_1_258' title='bbox 970 1958 1083 1995; x_wconf 89' lang='lat' dir='ltr'>Forte</span> <span class='ocrx_word' id='word_1_259' title='bbox 1109 1971 1215 2007; x_wconf 85' lang='lat' dir='ltr'>prae-</span> 
     </span>
     <span class='ocr_line' id='line_1_35' title="bbox 55 2011 1240 2060; baseline -0.002 -13"><span class='ocrx_word' id='word_1_260' title='bbox 55 2011 240 2048; x_wconf 83' lang='lat' dir='ltr'>tervolans</span> <span class='ocrx_word' id='word_1_261' title='bbox 258 2023 400 2057; x_wconf 91' lang='lat' dir='ltr'>corvus,</span> <span class='ocrx_word' id='word_1_262' title='bbox 430 2011 578 2060; x_wconf 87' lang='lat' dir='ltr'>glebam</span> <span class='ocrx_word' id='word_1_263' title='bbox 598 2023 707 2059; x_wconf 89' lang='lat' dir='ltr'>quam</span> <span class='ocrx_word' id='word_1_264' title='bbox 726 2012 914 2060; x_wconf 90' lang='lat' dir='ltr'>unguibus</span> <span class='ocrx_word' id='word_1_265' title='bbox 932 2011 1074 2049; x_wconf 83' lang='lat' dir='ltr'>ferebat</span> <span class='ocrx_word' id='word_1_266' title='bbox 1093 2012 1216 2049; x_wconf 88' lang='lat' dir='ltr'>subito</span> <span class='ocrx_word' id='word_1_267' title='bbox 1237 2042 1240 2045; x_wconf 77' lang='grc'>,</span> 
     </span>
     <span class='ocr_line' id='line_1_36' title="bbox 55 2063 1216 2114; baseline 0.002 -15"><span class='ocrx_word' id='word_1_268' title='bbox 55 2063 189 2108; x_wconf 87' lang='lat' dir='ltr'>omisit,</span> <span class='ocrx_word' id='word_1_269' title='bbox 217 2077 310 2112; x_wconf 90' lang='lat' dir='ltr'>quae</span> <span class='ocrx_word' id='word_1_270' title='bbox 337 2078 451 2114; x_wconf 92' lang='lat' dir='ltr'>quum</span> <span class='ocrx_word' id='word_1_271' title='bbox 478 2064 576 2113; x_wconf 87' lang='lat' dir='ltr'>regis</span> <span class='ocrx_word' id='word_1_272' title='bbox 604 2065 715 2114; x_wconf 88' lang='lat' dir='ltr'>capiti</span> <span class='ocrx_word' id='word_1_273' title='bbox 742 2065 941 2110; x_wconf 84' lang='lat' dir='ltr'>incidisset,</span> <span class='ocrx_word' id='word_1_274' title='bbox 970 2065 1134 2103; x_wconf 89' lang='lat' dir='ltr'>resoluta</span> <span class='ocrx_word' id='word_1_275' title='bbox 1152 2066 1216 2102; x_wconf 87' lang='lat' dir='ltr'>de-</span> 
     </span>
     <span class='ocr_line' id='line_1_37' title="bbox 55 2117 1216 2167; baseline 0.002 -15"><span class='ocrx_word' id='word_1_276' title='bbox 55 2117 183 2160; x_wconf 88' lang='lat' dir='ltr'>fluxit;</span> <span class='ocrx_word' id='word_1_277' title='bbox 230 2118 309 2166; x_wconf 90' lang='lat' dir='ltr'>ipsa</span> <span class='ocrx_word' id='word_1_278' title='bbox 352 2124 476 2157; x_wconf 89' lang='lat' dir='ltr'>autem</span> <span class='ocrx_word' id='word_1_279' title='bbox 503 2118 580 2155; x_wconf 87' lang='lat' dir='ltr'>avis</span> <span class='ocrx_word' id='word_1_280' title='bbox 624 2119 663 2155; x_wconf 91' lang='lat' dir='ltr'>in</span> <span class='ocrx_word' id='word_1_281' title='bbox 699 2119 862 2167; x_wconf 81' lang='lat' dir='ltr'>proxima</span> <span class='ocrx_word' id='word_1_282' title='bbox 898 2123 1001 2156; x_wconf 87' lang='lat' dir='ltr'>turre</span> <span class='ocrx_word' id='word_1_283' title='bbox 1036 2119 1216 2156; x_wconf 89' lang='lat' dir='ltr'>consedit.</span> 
     </span>
     <span class='ocr_line' id='line_1_38' title="bbox 56 2170 1216 2221; baseline 0.003 -15"><span class='ocrx_word' id='word_1_284' title='bbox 56 2170 156 2207; x_wconf 84' lang='lat' dir='ltr'>Illita</span> <span class='ocrx_word' id='word_1_285' title='bbox 169 2176 249 2208; x_wconf 87' lang='lat' dir='ltr'>erat</span> <span class='ocrx_word' id='word_1_286' title='bbox 267 2171 379 2209; x_wconf 87' lang='lat' dir='ltr'>turris</span> <span class='ocrx_word' id='word_1_287' title='bbox 396 2172 579 2209; x_wconf 89' lang='lat' dir='ltr'>bitumine</span> <span class='ocrx_word' id='word_1_288' title='bbox 597 2185 639 2209; x_wconf 83' lang='lat' dir='ltr'>ac</span> <span class='ocrx_word' id='word_1_289' title='bbox 667 2173 856 2221; x_wconf 88' lang='lat' dir='ltr'>sulphure,</span> <span class='ocrx_word' id='word_1_290' title='bbox 884 2172 924 2208; x_wconf 92' lang='lat' dir='ltr'>in</span> <span class='ocrx_word' id='word_1_291' title='bbox 943 2185 1016 2221; x_wconf 87' lang='lat' dir='ltr'>qua</span> <span class='ocrx_word' id='word_1_292' title='bbox 1043 2173 1110 2209; x_wconf 89' lang='lat' dir='ltr'>alis</span> <span class='ocrx_word' id='word_1_293' title='bbox 1130 2173 1216 2209; x_wconf 88' lang='lat' dir='ltr'>hae—</span> 
     </span>
     <span class='ocr_line' id='line_1_39' title="bbox 54 2223 1219 2272; baseline 0.003 -13"><span class='ocrx_word' id='word_1_294' title='bbox 54 2223 232 2270; x_wconf 86' lang='lat' dir='ltr'>rentibus,</span> <span class='ocrx_word' id='word_1_295' title='bbox 253 2224 390 2262; x_wconf 86' lang='lat' dir='ltr'>frustra</span> <span class='ocrx_word' id='word_1_296' title='bbox 421 2237 460 2262; x_wconf 89' lang='lat' dir='ltr'>se</span> <span class='ocrx_word' id='word_1_297' title='bbox 489 2225 646 2263; x_wconf 85' lang='lat' dir='ltr'>allevare</span> <span class='ocrx_word' id='word_1_298' title='bbox 665 2231 832 2272; x_wconf 89' lang='lat' dir='ltr'>conatus,</span> <span class='ocrx_word' id='word_1_299' title='bbox 853 2238 874 2262; x_wconf 86' lang='lat' dir='ltr'>a</span> <span class='ocrx_word' id='word_1_300' title='bbox 893 2226 1219 2264; x_wconf 77' lang='lat' dir='ltr'>circumstantibus</span> 
     </span>
     <span class='ocr_line' id='line_1_40' title="bbox 53 2277 1209 2328; baseline 0.003 -15"><span class='ocrx_word' id='word_1_301' title='bbox 53 2277 210 2326; x_wconf 83' lang='lat' dir='ltr'>capitur.</span> <span class='ocrx_word' id='word_1_302' title='bbox 266 2277 394 2326; x_wconf 86' lang='lat' dir='ltr'>Digna</span> <span class='ocrx_word' id='word_1_303' title='bbox 410 2291 468 2315; x_wconf 90' lang='lat' dir='ltr'>res</span> <span class='ocrx_word' id='word_1_304' title='bbox 494 2279 582 2324; x_wconf 88' lang='lat' dir='ltr'>visa,</span> <span class='ocrx_word' id='word_1_305' title='bbox 604 2279 651 2317; x_wconf 89' lang='lat' dir='ltr'>de</span> <span class='ocrx_word' id='word_1_306' title='bbox 676 2292 750 2328; x_wconf 88' lang='lat' dir='ltr'>qua</span> <span class='ocrx_word' id='word_1_307' title='bbox 778 2285 879 2317; x_wconf 82' lang='lat' dir='ltr'>vates</span> <span class='ocrx_word' id='word_1_308' title='bbox 898 2279 1182 2317; x_wconf 85' lang='lat' dir='ltr'>consulerentur</span> <span class='ocrx_word' id='word_1_309' title='bbox 1201 2294 1209 2321; x_wconf 91' lang='lat'>;</span> 
     </span>
     <span class='ocr_line' id='line_1_41' title="bbox 52 2332 1217 2381; baseline 0.001 -14"><span class='ocrx_word' id='word_1_310' title='bbox 52 2336 88 2367; x_wconf 84' lang='lat' dir='ltr'>et</span> <span class='ocrx_word' id='word_1_311' title='bbox 121 2336 200 2368; x_wconf 89' lang='lat' dir='ltr'>erat</span> <span class='ocrx_word' id='word_1_312' title='bbox 227 2343 304 2367; x_wconf 91' lang='lat' dir='ltr'>non</span> <span class='ocrx_word' id='word_1_313' title='bbox 331 2332 494 2369; x_wconf 89' lang='lat' dir='ltr'>intactus</span> <span class='ocrx_word' id='word_1_314' title='bbox 522 2344 565 2369; x_wconf 86' lang='lat' dir='ltr'>ea</span> <span class='ocrx_word' id='word_1_315' title='bbox 601 2333 863 2381; x_wconf 86' lang='lat' dir='ltr'>superstitione</span> <span class='ocrx_word' id='word_1_316' title='bbox 892 2333 1038 2371; x_wconf 89' lang='lat' dir='ltr'>mentis.</span> <span class='ocrx_word' id='word_1_317' title='bbox 1114 2333 1217 2381; x_wconf 80' lang='lat' dir='ltr'>Ergo</span> 
     </span>
     <span class='ocr_line' id='line_1_42' title="bbox 51 2384 1214 2433; baseline 0.002 -12"><span class='ocrx_word' id='word_1_318' title='bbox 51 2384 286 2430; x_wconf 78' lang='lat' dir='ltr'>Aristander,</span> <span class='ocrx_word' id='word_1_319' title='bbox 316 2385 375 2422; x_wconf 89' lang='lat' dir='ltr'>cui</span> <span class='ocrx_word' id='word_1_320' title='bbox 413 2385 575 2423; x_wconf 78' lang='lat' dir='ltr'>maxima</span> <span class='ocrx_word' id='word_1_321' title='bbox 611 2386 702 2426; x_wconf 86' lang='lat' dir='ltr'>fides</span> <span class='ocrx_word' id='word_1_322' title='bbox 739 2386 957 2432; x_wconf 85' lang='lat' dir='ltr'>habebatur,</span> <span class='ocrx_word' id='word_1_323' title='bbox 997 2387 1098 2424; x_wconf 87' lang='lat' dir='ltr'>urbis</span> <span class='ocrx_word' id='word_1_324' title='bbox 1135 2387 1214 2433; x_wconf 83' lang='lat' dir='ltr'>qui-</span> 
     </span>
    </p>
   </div>
  </div>
 </body>
</html>
