1496 2671
236 147 283 182 eiij
529 141 721 189 QUINTI
750 141 938 180 CURTII
966 139 1098 180 RUFI

235 257 428 295 terrerent,
457 250 682 299 pavidosque
709 262 821 298 equos
839 249 922 288 telis
941 249 1126 297 utrimque
1153 243 1394 283 suffoderent.

233 305 308 350 Qui
334 303 506 342 cornibus
524 309 730 353 praeerant,
759 303 960 342 extendere
985 316 1029 341 ea
1049 300 1157 351 jussi,
1185 298 1240 336 ita
1265 302 1308 336 ut
1325 309 1397 334 nec

234 357 596 403 circumvenirentur,
613 357 643 395 si
659 358 795 395 arctius
810 362 951 395 starent
969 369 979 401 ;
1008 369 1076 393 nec
1094 361 1217 394 tamen
1236 350 1395 388 mediam

235 412 348 450 aciem
379 410 625 449 exinanirent.
699 410 967 460 Impedimenta
995 422 1078 447 cum
1104 407 1270 458 captivis,
1298 405 1399 442 inter

236 478 325 514 quos
344 469 461 503 mater
474 465 652 513 liberique
671 464 779 502 Darii
806 464 1120 509 custodiebantur,
1147 461 1249 499 haud
1265 457 1394 509 procul

235 520 309 556 acie
328 517 367 556 in
394 518 497 557 edito
522 519 616 556 colle
634 518 852 563 constituit3
881 518 1027 555 modico
1044 515 1227 566 praesidio
1254 512 1397 550 relicto.

236 573 402 610 Laevum
420 585 546 618 cornu,
567 572 663 610 sicut
675 572 778 621 alias,
800 571 1035 609 Parmenioni
1053 570 1235 608 tuendum
1254 568 1406 605 datum.-

237 627 319 675 Ipse
336 626 377 662 in
395 626 528 664 dextro
543 627 675 664 stabat.
732 625 910 662 Nondum
925 625 973 662 ad
988 624 1054 662 teli
1065 623 1208 673 jactum
1221 633 1398 672 pervene-

239 684 345 723 1·ant;
376 693 491 729 quum
520 680 616 717 Bion
645 679 794 728 quidam
831 679 1034 727 transfuga,
1074 681 1214 726 quanto
1237 675 1399 715 maximo

239 747 346 771 cursu
373 738 556 782 potuerat,
591 733 637 770 ad
665 746 790 781 regem
817 732 987 781 pervenit
1013 731 1204 776 nuncians,
1243 730 1401 768 murices

235 788 371 825 ferreos
389 788 427 824 in
447 793 584 825 terram
611 786 794 824 defodisse
814 786 985 832 Darium,
1004 797 1076 834 qua
1094 785 1237 822 hostem
1255 784 1400 834 equites

237 841 450 878 emissurum
470 853 548 878 esse
560 841 734 878 credebat
750 854 758 877 :
775 846 1018 887 notatumque
1029 843 1131 877 certo
1145 838 1252 886 signo
1262 838 1398 884 locum,

236 905 277 932 ut
294 895 394 932 fraus
413 894 543 932 evitari
562 908 584 932 a
602 894 675 931 suis
687 900 824 943 posset.
863 893 1056 931 Asservari
1075 892 1269 941 transfuga
1280 890 1397 941 jusso,

243 949 348 986 luces
393 953 573 987 convocat
589 962 598 986 :
645 948 889 997 expositoque
915 947 1015 996 quod
1059 945 1277 984 nunciatum
1309 951 1401 991 erat,

236 1008 374 1045 monet,
394 1007 437 1039 ut
457 1002 644 1050 regionem
672 1006 915 1039 monstratam
942 1001 1140 1045 declinent,
1168 999 1402 1049 equitemque

236 1055 439 1104 periculum
459 1056 649 1094 edoceant.
707 1055 881 1093 Ceterum
899 1055 971 1092 hoc
988 1059 1115 1093 tantus
1133 1053 1316 1091 exercitus
1337 1066 1402 1092 ex-

238 1109 365 1146 audire
382 1122 459 1146 non
477 1114 630 1159 poterat,
660 1122 766 1147 usum
794 1109 938 1146 aurium
970 1107 1228 1158 intercipiente
1253 1106 1402 1146 fremitu

238 1163 396 1200 duorum
423 1163 637 1212 agminum;
666 1163 731 1200 sed
749 1163 789 1200 in
815 1168 1014 1211 conspectu
1043 1163 1206 1200 omnium
1225 1161 1337 1199 duces
1364 1167 1402 1200 et

239 1218 449 1265 proximum
465 1229 649 1266 quemque
662 1217 928 1265 interequitans
947 1216 1215 1265 alloquebatur.

291 1270 398 1307 LIV.
429 1271 490 1308 14.
512 1270 682 1308 Emensis
696 1275 754 1308 tot
767 1275 884 1308 terras
897 1270 936 1306 in
951 1282 1051 1319 spem
1064 1270 1253 1316 victoriae,
1268 1268 1317 1318 de
1331 1280 1403 1317 qua

239 1324 489 1361 dimicandum
508 1324 618 1370 foret,
637 1325 706 1361 hoc
725 1337 841 1361 unum
860 1336 1048 1373 superesse
1067 1323 1263 1361 discrimen
1278 1335 1288 1366 ;
1306 1322 1401 1360 Gra-

238 1379 362 1415 nicum
390 1378 450 1415 hic
478 1390 635 1424 amnem,
665 1377 889 1426 Ciliciaeque
914 1384 1072 1421 montes,
1100 1382 1139 1414 et
1165 1377 1309 1427 Syriam
1326 1376 1403 1414 Ae-

238 1436 467 1481 gyptumque
485 1432 747 1481 praeeuntibus
758 1436 894 1480 raptas,
914 1431 1082 1480 ingentia
1099 1431 1176 1480 spei
1190 1430 1404 1480 gloriaeque

237 1485 487 1531 incitamenta,
524 1486 706 1524 referebat
727 1499 735 1522 ε
775 1485 1034 1534 Reprehensos
1067 1498 1113 1522 ex
1147 1484 1236 1534 fuga
1273 1484 1407 1522 Persas

236 1544 477 1587 pugnaturos,
498 1540 585 1588 quia
602 1539 731 1588 fugere
745 1551 821 1576 non
838 1543 1012 1588 possent:
1043 1538 1194 1578 tertium
1213 1538 1314 1576 diem
1322 1537 1402 1587 jam

238 1598 339 1630 metu
357 1605 568 1640 exsangues,
589 1593 699 1630 armis
718 1593 793 1630 suis
808 1597 990 1638 oneratos,
1017 1594 1057 1630 in
1084 1593 1214 1630 eodem
1241 1591 1401 1640 vestigio

236 1647 410 1683 haerere:
440 1646 596 1684 Nullum
616 1646 883 1696 desperationis
900 1646 1051 1684 illorum
1077 1645 1194 1696 majus
1221 1646 1398 1683 indicium

239 1713 326 1744 esse,
348 1711 457 1747 quam
477 1701 576 1748 quod
594 1700 715 1746 urbes,
737 1701 835 1749 quod
862 1713 964 1749 agros
983 1713 1068 1738 suos
1086 1705 1262 1743 urerent3
1292 1699 1398 1748 quid-

239 1754 327 1802 quid
347 1766 421 1791 non
451 1754 709 1804 corrupissent,
738 1754 899 1793 hostium
926 1766 1005 1791 esse
1029 1754 1209 1792 confessi:
1237 1752 1401 1796 Nomina

238 1807 348 1844 modo
366 1820 461 1844 vana
478 1808 647 1856 gentium
664 1808 875 1857 ignotarum
888 1820 936 1845 ne
953 1807 1234 1846 extimescerent
1252 1821 1262 1844 ε
1281 1818 1404 1855 neque

238 1861 335 1898 enim
354 1861 402 1898 ad
420 1861 508 1899 belh·
535 1861 732 1900 discrimen
759 1862 956 1912 pertinere,
985 1862 1049 1911 qui
1076 1862 1125 1899 ab
1149 1861 1206 1899 his
1227 1860 1400 1910 Scythae,

240 1915 347 1963 quive
377 1914 527 1953 Cadusii
554 1916 810 1966 appellentur:
841 1915 903 1953 Ob
923 1915 963 1953 id
990 1916 1122 1965 ipsum,
1152 1915 1252 1964 quod
1277 1914 1400 1964 ignoti

240 1973 376 2014 essent,
398 1969 580 2018 ignobiles
599 1983 677 2008 esse
694 1984 701 2007 :
731 1970 933 2019 Nunquam
950 1969 1114 2018 ignorari
1131 1969 1230 2007 viros
1254 1968 1368 2006 fortes
1388 1982 1396 2004 :

240 2028 277 2060 at
296 2022 462 2060 imbelles
480 2036 526 2061 ex
549 2024 700 2062 latebris
719 2024 794 2061 suis
812 2028 949 2069 erutos,
968 2022 1060 2060 nihil
1086 2027 1234 2073 praeter
1250 2022 1400 2061 nomina

239 2076 387 2113 afferre:
417 2077 640 2116 Macedones
657 2078 797 2116 virtute
811 2082 1036 2126 assequutos,
1056 2090 1105 2115 ne
1117 2077 1197 2126 quis
1210 2081 1292 2115 toto
1309 2076 1400 2114 orbe

236 2130 339 2166 locus
358 2135 464 2175 esset,
487 2131 550 2180 qui
569 2132 661 2169 tales
687 2132 784 2169 viros
803 2131 994 2180 ignoraret
1013 2144 1021 2169 t
1051 2131 1294 2170 Intuerentur
1311 2130 1397 2168 bar-

239 2184 412 2220 barorum
431 2184 664 2223 inconditum
692 2198 825 2234 agmen
846 2198 854 2222 :
885 2185 998 2224 alium
1015 2185 1110 2223 nihil
1129 2189 1275 2235 praeter
1293 2183 1398 2233 jacu-

233 2238 309 2274 lum
323 2236 482 2282 habere3
510 2238 622 2276 alium
639 2239 756 2277 funda
773 2252 861 2276 saxa
878 2239 1014 2277 librare
1033 2253 1041 2277 :
1070 2239 1196 2289 paucis
1215 2238 1321 2288 justa
1337 2249 1396 2275 ar-

236 2302 296 2328 ma
314 2302 421 2335 esse;
452 2290 582 2340 Itaque
608 2292 709 2330 illinc
736 2293 860 2342 plures
877 2298 999 2331 stare:
1028 2293 1115 2332 hinc
1140 2293 1265 2343 plures
1289 2290 1397 2330 dimi-

237 2350 403 2383 caturos:
435 2344 516 2383 Nec
533 2347 721 2396 postulare
749 2359 798 2393 se,
818 2351 860 2385 ut
877 2347 1024 2385 fortiter
1042 2350 1274 2397 capesserent
1290 2355 1395 2395 proe-

238 2399 338 2445 lium,
358 2398 394 2436 ni
423 2398 500 2449 ipse
527 2400 657 2439 ceteris
684 2400 912 2441 fortitudinis
937 2401 1066 2443 fuisset
1093 2400 1328 2452 exemplum
1357 2413 1399 2438 se
