1496 2671
569 71 912 111 PAUSANIAS.
1294 74 1340 114 17

149 180 208 228 1ῐίεῖι
226 179 366 216 factum
388 184 446 216 est
466 177 664 224 Aristidis,
688 185 728 216 ut
748 192 879 217 omnes
907 179 987 217 fere
1015 180 1192 217 civitates
1213 179 1337 218 Grae-

150 234 232 270 ciae
249 233 297 269 ad
317 230 613 269 Atheniensium
634 233 855 270 societatem
871 245 910 270 se
929 233 1165 282 applicarent
1173 249 1183 278 3
1212 240 1250 271 et
1270 235 1336 271 ad-

150 298 284 323 versus
306 287 487 323 barbaros
507 287 576 323 hos
595 287 710 323 duces
730 287 943 335 deligerent
972 287 1057 332 sibi,
1088 300 1163 336 quo
1183 287 1335 325 facilius

148 338 392 388 repellerent,
412 340 445 376 si
465 339 564 377 forte
582 340 727 377 bellum
747 352 934 377 renovare
955 347 1198 378 conarentur.

144 510 247 550 CAP.
271 512 349 550 111.
379 512 544 549 AErarz'o
567 518 705 562 proeesc
732 511 921 548 Aristides
936 527 948 554 ;
973 524 1128 561 pauper
1156 512 1332 549 moritur.

197 598 266 635 AD
295 599 433 636 classes
464 599 718 636 aedificandas
746 598 1015 646 exercitusque
1043 599 1329 646 comparandos,

143 658 330 701 quantum
350 653 536 701 pecuniae
555 664 729 700 quaeque
748 652 885 689 civitas
906 652 1025 695 daret,
1048 651 1244 688 Aristides
1264 653 1329 688 de-

142 705 264 742 lectus
283 712 340 742 est
359 706 425 754 qui
441 706 703 742 constitueret.
760 705 857 753 Ejus
873 704 1033 741 arbitrio
1047 705 1330 753 quadringenta

143 764 181 795 et
201 760 403 808 sexaginta
423 759 568 796 talenta
586 759 792 807 quotannis
812 756 951 794 Delum
973 763 1065 794 sunt
1084 758 1231 795 collata.
1281 759 1329 795 Id

143 812 245 849 enim
265 825 466 849 commune
485 814 675 849 aerarium
696 824 779 849 esse
798 811 1016 848 voluerunt.
1076 810 1185 858 Quae
1205 813 1329 849 omnis

141 866 304 914 pecunia
323 872 474 915 postero
502 872 674 914 tempore
706 866 880 902 Athenas
909 864 1095 902 translata
1123 871 1194 902 est.
1252 866 1330 903 Hie

141 921 219 967 qua
255 919 373 957 fuerit
409 919 642 956 abstinentia
678 919 827 955 nullum
865 924 922 954 est
954 918 1097 955 certius
1130 918 1329 963 indicium,

143 985 257 1020 quam
277 973 392 1021 quod,
423 985 541 1021 quum
572 972 691 1009 tantis
724 974 839 1008 rebus
874 971 1113 1020 praefuisset,
1148 972 1189 1007 in
1222 971 1331 1010 tanta

141 1032 368 1074 paupertate
401 1026 577 1070 decessit,
607 1031 651 1061 nt
680 1023 748 1074 qui
782 1025 985 1062 efferretur
1015 1025 1086 1061 vix
1113 1025 1329 1073 reliquerit.

145 1078 231 1124 Quo
260 1079 406 1116 factum
434 1085 492 1115 est
522 1085 564 1115 ut
591 1079 693 1114 filiae
722 1077 804 1126 ejus
823 1078 976 1126 publice
996 1077 1202 1124 alerentur,
1224 1085 1262 1116 et
1283 1079 1330 1116 de

141 1132 335 1169 communi
356 1132 503 1169 aerario
516 1132 669 1168 dotibus
685 1131 784 1168 datis
800 1131 1093 1168 collocarentur.
1151 1131 1329 1170 Decessit

140 1192 267 1222 autem
301 1185 380 1223 fere
413 1191 499 1234 post
528 1198 671 1222 annum
703 1190 885 1233 quartum
913 1197 1028 1233 quam
1050 1185 1329 1224 Themistocles

141 1236 310 1276 Athenis
329 1244 409 1276 erat
431 1238 632 1288 expulsus.

511 1439 584 1475 IV.
615 1437 916 1476 PAUSANIA
923 1437 960 1476 S.

206 1534 304 1573 CAP.
326 1535 359 1572 Ι.
390 1535 624 1582 Pausanias,
645 1535 852 1572 Mardonia·
869 1536 1000 1581 vietor,
1009 1536 1069 1584 fit
1085 1536 1261 1574 insolens.

193 1621 430 1659 PAUsANIAs
449 1620 782 1666 Lacedaemonius,
798 1633 959 1670 magnus
974 1621 1097 1667 homo,
1114 1622 1182 1660 sed
1197 1623 1328 1661 varius

138 1675 179 1711 in
198 1676 302 1712 omni.
320 1687 462 1724 genere
482 1675 585 1712 vitae
604 1675 694 1712 fuit:
716 1688 802 1712 nam
822 1681 865 1712 ut
886 1675 1096 1712 virtutibus
1116 1675 1255 1722 eluxit,
1272 1677 1327 1715 sic

138 1729 245 1766 vitiis
265 1735 322 1765 est
340 1729 514 1766 obrutus.
573 1728 703 1777 Hujus
722 1728 1025 1766 illustrissimum
1051 1734 1110 1766 est
1137 1730 1326 1778 proelium

139 1783 240 1831 apud
261 1782 451 1819 Plataeas:
471 1794 647 1831 namque,
668 1782 735 1818 illo
755 1783 861 1827 duce,
893 1782 1132 1826 Mardonius,
1154 1788 1325 1832 satrapes

138 1836 279 1884 regius,
301 1836 457 1873 natione
476 1834 627 1880 Medus,
648 1836 751 1884 regis
769 1848 901 1884 gener,
929 1835 969 1871 in
990 1835 1124 1883 primis
1152 1837 1324 1874 omnium

138 1888 356 1932 Persarum,
387 1894 424 1926 et
453 1902 569 1926 manu
597 1888 721 1935 fortis,
750 1895 788 1925 et
808 1888 956 1926 consilii
977 1888 1124 1936 plenus,
1145 1901 1232 1926 cum
1252 1891 1323 1927 du-

139 1943 260 1978 centis
279 1942 449 1979 millibus
470 1943 653 1991 peditum,
674 1954 770 1990 quos
789 1942 936 1978 viritim
957 1941 1114 1990 legerat,
1135 1948 1174 1979 et
1194 1943 1323 1992 vigin-

139 1995 169 2031 ti
190 1996 358 2032 millibus
389 1997 572 2045 equitum,
608 1996 710 2032 haud
739 1995 793 2032 ita
825 1993 966 2044 magna
994 2008 1122 2041 manu,
1156 1994 1324 2034 Graecia

138 2047 295 2097 fugatus
314 2055 382 2094 est,
404 2062 524 2097 eoque
542 2050 624 2098 ipse
644 2049 725 2085 dux
752 2049 890 2086 cecidit
918 2048 1074 2097 proelio.
1134 2048 1221 2095 Qua
1241 2051 1321 2088 vic-

140 2102 240 2138 toria
259 2102 391 2146 elatus,
412 2103 578 2151 plurima
596 2102 755 2140 miscere
774 2102 911 2151 eoepit,
941 2107 979 2139 et
1006 2101 1151 2150 majora
1179 2115 1321 2140 concu-

138 2155 299 2203 piscere.
356 2154 429 2192 Sed
456 2156 624 2204 primum
652 2156 692 2192 in
712 2168 757 2192 eo
776 2162 834 2193 est.
853 2155 1119 2204 reprehensus,
1149 2158 1251 2204 quod
1270 2170 1320 2194 ex

136 2206 279 2257 praeda¹
287 2208 475 2258 tripodem
490 2222 648 2246 aureum
660 2207 822 2257 Delphis
836 2209 1036 2257 posuisset,
1047 2210 1322 2258 epigrammate

139 2263 297 2310 scripto,
315 2262 355 2298 in
375 2275 450 2310 quo
469 2269 551 2299 erat
569 2264 664 2300 haee
684 2263 885 2307 sententia,
905 2274 974 2298 suo
993 2262 1111 2298 dueta
1131 2261 1320 2299 barbaros

140 2316 251 2363 apud
285 2314 468 2351 Plataeas
505 2327 580 2352 esse
615 2315 762 2360 deletos,
802 2315 956 2364 ejusque
991 2315 1176 2352 victoriae
1220 2329 1320 2365 erqo,

720 2380 744 2404 B
