1496 2671
288 139 340 177 30
634 132 798 175 LIBER
827 137 1097 184 QUARTUS.

338 246 370 282 1.
400 245 555 283 Damus
569 245 665 283 tanti
683 245 794 283 modo
812 245 995 283 exercitus
1013 258 1090 291 rex,
1109 243 1172 293 qui
1189 241 1452 293 triumphantis

290 298 408 348 magis
445 311 552 348 quam
590 299 798 338 dimicantis
833 311 935 336 more
979 311 1086 336 curru
1119 296 1284 336 sublimis
1318 296 1453 336 inierat

288 352 477 402 praelium,
497 365 563 402 per
578 352 670 399 loca,
691 365 782 402 quae
795 365 910 402 prope
927 352 1114 390 immensis
1125 351 1334 401 agminibus
1352 362 1452 388 com-

286 406 464 456 pleverat,
479 405 558 455 jam
576 406 701 444 inania
719 411 756 444 et
774 406 918 455 ingenti
937 406 1136 444 solitudine
1154 410 1259 443 vasta
1271 403 1453 453 fugiebat.

292 459 408 497 Pauci
434 472 554 508 regem
580 461 856 510 sequebantur:
885 472 972 496 nam
989 472 1058 497 nec
1085 459 1215 497 eodem
1243 470 1371 496 omnes
1397 457 1455 495 fu-

290 525 376 561 gam
395 513 644 559 intenderant,
661 519 700 551 et
725 513 981 551 deficientibus
1000 513 1112 561 equis,
1141 524 1287 550 cursum
1315 524 1454 558 eorum,

291 579 380 615 quos
399 580 465 604 rex
482 567 638 604 subinde
657 568 836 610 mutabat,
865 578 1021 614 aequare
1039 579 1113 604 non
1131 569 1318 616 poterant.
1374 565 1456 603 Un-

290 621 376 658 chas
415 621 550 658 deinde
585 620 765 670 pervenit,
803 620 867 656 ubi
902 632 1079 669 excepere
1109 631 1193 657 eum
1230 619 1456 657 Graecorum

292 680 449 724 quatuor
484 674 610 719 millia,
638 686 719 711 cum
749 673 881 722 quibus
909 673 956 709 ad
985 673 1201 723 Euphraten
1237 673 1458 717 contendit;

294 729 333 766 id
351 729 500 766 demum
520 728 673 765 credens
690 727 768 765 fore
786 727 910 776 ipsius,
927 727 1027 776 quod
1042 727 1230 765 celeritate
1247 726 1461 777 praecipere

295 782 489 831 potuisset.
568 781 622 819 At
667 781 882 818 Alexander
911 780 1204 826 Parmenionem,
1250 792 1317 830 per
1351 791 1462 829 quem

291 836 389 885 apud
417 836 643 872 Damascum
663 840 812 884 recepta
839 838 919 871 erat
945 834 1093 883 praeda,
1125 834 1270 884 jussum
1296 846 1376 871 eam
1402 833 1460 884 ip-

293 902 369 926 sam
409 895 448 926 et
484 889 646 938 captivos
682 888 852 937 diligenti
880 900 1066 925 asservare
1092 887 1273 934 custodia,
1313 887 1456 938 Syriae,

293 955 403 992 quam
423 942 562 980 Coelen
581 948 725 985 vocant,
746 941 933 991 praefecit.
990 941 1137 979 Novum
1156 941 1351 991 imperium
1373 941 1461 992 Syri

292 996 458 1034 nondum
472 996 561 1033 belli
588 995 753 1033 cladibus
781 995 868 1033 satis
894 994 1026 1032 domiti
1045 995 1364 1044 aspernabantur:
1394 995 1459 1033 sed

294 1050 462 1088 celeriter
476 1049 629 1095 subacti,
649 1049 866 1086 obedienter
884 1049 1064 1097 imperata
1076 1049 1257 1087 fecerunt.
1313 1048 1462 1086 Aradus

296 1116 440 1154 quoque
457 1103 577 1140 insula
602 1103 752 1140 deditur
777 1103 863 1151 regi.
918 1102 1143 1140 Maritimam
1171 1107 1253 1141 tum
1279 1115 1392 1148 oram,
1423 1108 1461 1140 et

293 1158 468 1206 pleraque
494 1157 641 1206 longius
668 1157 778 1194 etiam
795 1169 816 1193 a
834 1155 926 1193 mari
953 1156 1174 1201 recedentia,
1204 1168 1271 1193 rex
1299 1155 1377 1205 ejus
1404 1155 1462 1193 in-

291 1212 392 1248 sulae
421 1211 546 1249 Strato
573 1210 813 1260 possidebat:
844 1222 915 1258 quo
942 1209 980 1246 in
1008 1210 1120 1247 fidem
1147 1214 1311 1259 accepto,
1341 1215 1462 1248 castra

290 1266 406 1303 movit
425 1265 472 1302 ad
492 1265 618 1302 urbem
639 1264 847 1301 Marathon.
904 1262 961 1299 Ibi
979 1263 1033 1300 illi
1051 1263 1180 1301 literae
1198 1276 1220 1301 a
1239 1263 1357 1301 Dario
1375 1265 1461 1301 red·

294 1318 435 1356 duntur
455 1332 464 1363 3
495 1318 637 1367 quibus,
658 1323 701 1355 ut
729 1317 884 1367 superbe
904 1317 1061 1366 scriptis,
1081 1317 1320 1355 vehementer
1346 1318 1463 1356 offen·

293 1384 353 1410 sus
371 1378 442 1410 est.
503 1371 705 1420 Praecipue
722 1384 805 1408 eum
835 1371 960 1414 movit,
983 1370 1084 1420 quod
1103 1370 1241 1408 Darius
1269 1370 1338 1407 sibi
1365 1372 1464 1420 regis

294 1426 456 1471 titulum,
487 1437 554 1462 nec
591 1425 750 1462 eundem
786 1424 991 1461 Alexandri
1027 1424 1168 1461 nomini
1205 1424 1461 1474 adscripscrat.

292 1479 514 1517 Postulabat
541 1484 665 1516 autem
692 1479 810 1526 magis
836 1489 944 1527 quam
965 1478 1126 1527 petebat,
1154 1482 1198 1516 ut
1225 1483 1376 1528 accepta
1401 1491 1466 1528 pe-

292 1533 413 1578 cunia,
431 1537 753 1582 quantamcunque
780 1537 861 1569 tota
880 1531 1100 1569 Macedonia
1117 1536 1279 1581 caperet,
1307 1536 1462 1570 matrem

293 1586 363 1624 sibi
390 1600 432 1624 ac
452 1586 647 1635 conjugem
675 1586 881 1633 liberosque
899 1585 1110 1623 restitueret
1129 1598 1139 1630 ;
1168 1585 1217 1623 de
1242 1597 1372 1634 regno,
1401 1599 1462 1624 ae-

294 1652 377 1689 quo,
399 1640 428 1677 si
456 1640 578 1683 vellet,
611 1639 732 1677 Marte
760 1638 1016 1677 contenderet.
1071 1638 1111 1676 Si
1139 1640 1284 1676 saniora
1312 1639 1464 1677 consilia

294 1694 445 1731 tandem
473 1694 550 1742 pati
568 1694 760 1742 potuisset,
791 1697 988 1730 contentus
1015 1692 1147 1741 patrio,
1176 1693 1327 1730 cederet
1352 1693 1462 1730 alieni

294 1748 438 1798 imperii
456 1747 590 1783 finibus
612 1761 619 1784 ε
650 1747 769 1784 socius
789 1746 999 1795 amicusque
1016 1750 1112 1783 esset
1132 1757 1141 1781 ε
1169 1746 1209 1783 in
1229 1759 1272 1784 ea
1300 1758 1338 1784 se
1351 1746 1464 1784 fidem

296 1806 331 1840 et
352 1801 440 1838 dare
458 1806 627 1850 paratum
647 1806 684 1838 et
703 1801 878 1848 accipere.

352 1855 404 1891 II.
434 1854 573 1891 Contra
610 1854 821 1891 Alexander
850 1854 888 1890 in
915 1852 1013 1890 hunc
1040 1852 1199 1891 maxime
1226 1853 1377 1891 modum
1406 1867 1463 1892 re-

297 1909 465 1958 scripsit:
496 1912 505 1928 ‘
527 1908 611 1944 Rex
639 1907 851 1944 Alexander
883 1907 1014 1944 Dario.
1081 1907 1158 1953 Ille,
1188 1906 1294 1956 cujus
1329 1920 1464 1946 nomen

298 1962 495 2012 sumpsisti,
518 1961 665 2007 Darius,
685 1961 857 2006 Graecos,
872 1961 935 2010 qui
950 1973 1050 1998 oram
1067 1960 1303 2010 Hellesponti
1321 1966 1462 2008 tenent,

295 2015 533 2065 coloniasque
554 2015 780 2052 Graecorum
801 2014 923 2051 Ionias
942 2014 1041 2051 omni
1059 2014 1164 2051 clade
1177 2015 1360 2060 vastavit3
1380 2028 1463 2054 cum

296 2083 432 2119 magno
470 2069 605 2106 deinde
632 2069 796 2105 exercitu
833 2080 934 2105 mare
966 2067 1122 2116 trajecit,
1155 2068 1260 2106 illato
1288 2068 1463 2107 Macedo-

297 2124 380 2161 niae
399 2128 436 2160 et
457 2123 634 2159 Graeeiae
653 2122 761 2159 bello.
801 2122 945 2158 Rursus
966 2119 1069 2171 [rex]
1093 2122 1235 2160 Xerxes
1253 2122 1302 2159 ad
1320 2135 1463 2173 oppug-

295 2176 439 2213 nandos
474 2189 543 2213 nos
571 2189 654 2212 cum
681 2176 895 2212 immanium
924 2175 1165 2212 barbarorum
1192 2176 1306 2226 copiis
1332 2177 1462 2215 venit:

296 2229 361 2280 qui
387 2230 510 2266 navali
547 2230 685 2278 praelio
713 2229 843 2274 victus,
883 2229 1121 2265 Mardonium
1154 2234 1281 2268 tamen
1316 2229 1462 2278 reliquit

296 2284 334 2320 in
357 2283 523 2328 Graecia,
545 2290 587 2320 ut
614 2283 744 2320 absens
776 2295 921 2332 quoque
948 2282 1188 2332 popularetur
1214 2283 1331 2329 urbes,
1359 2295 1463 2332 agros

296 2343 431 2374 ureret.
506 2336 719 2385 Philippum
755 2349 842 2373 vero
870 2342 1062 2385 parentem
1087 2349 1210 2374 meum
1246 2337 1328 2386 quis
1353 2336 1461 2386 igno-

295 2397 353 2431 rat
375 2392 421 2429 ab
439 2390 483 2428 iis
511 2390 746 2428 interfectum
775 2402 865 2436 esse,
895 2402 986 2440 ques
1013 2390 1177 2440 ingentis
1203 2389 1381 2441 pecuniae
1399 2402 1464 2440 spe
