1496 2671
426 149 590 188 LIBER
620 148 895 195 QUARTUS.
1193 149 1236 187 Π

81 270 280 310 pervenere
314 257 448 296 deinde
477 257 577 294 missi
604 270 625 293 a
652 256 771 294 Dario
800 255 999 302 Bactriani,
1027 268 1245 306 pugnaeque

82 319 224 353 vertere
250 313 448 350 fortunam.
503 310 615 348 Multi
643 323 732 358 ergo
752 310 1000 347 Macedonum
1029 311 1148 358 primo
1174 311 1244 347 im-

82 372 172 417 petu
198 365 325 405 obtriti
351 368 466 402 sunt:
501 364 625 408 plures
653 365 701 401 ad
726 363 982 400 Alexandrum
1012 364 1242 413 refugerunt.

81 420 176 458 Tum
205 420 348 463 Persae,
376 417 537 455 clamore
556 417 720 462 sublato,
750 417 895 466 qualem
935 417 1091 454 victores
1126 418 1245 455 solent

82 474 200 519 edere,
237 472 407 510 ferociter
441 471 481 508 in
517 471 673 516 hostem,
702 470 805 518 quasi
831 470 967 518 ubique
994 471 1246 520 profligatum,

82 526 288 565 incurrunt.
355 525 570 562 Alexander
609 525 759 562 territos
800 523 992 572 castigare,
1022 525 1214 563 adhortari
1235 539 1243 568 ;

83 580 272 629 proelium,
293 579 394 628 quod
415 577 494 627 jam
522 578 749 626 elanguerat,
777 578 876 614 solus
904 578 1128 622 accendere3
1158 591 1245 616 con-

82 633 306 681 firmatisque
326 633 477 670 tandem
497 631 640 676 animis,
656 631 709 668 ire
720 631 759 667 in
774 630 918 669 hostem
932 631 1055 679 jubet.
1111 632 1247 669 Rarior

84 687 177 724 acies
214 692 293 724 erat
334 686 373 722 in
400 686 535 723 dextro
563 697 679 723 cornu
707 685 904 722 Persarum
927 698 935 729 ;
973 697 1134 732 namque
1160 686 1248 722 inde

85 740 272 778 Bactriani
307 739 539 776 decesserant
580 740 627 776 ad
667 738 911 788 opprimenda
949 738 1217 787 impedimenta
1237 752 1245 781 ;

83 794 206 843 itaque
219 793 432 830 Alexander
447 793 589 830 laxatos
604 793 752 830 ordines
770 792 924 837 invadit,
941 796 979 829 et
999 792 1117 829 multa
1135 793 1247 829 caede

84 847 243 885 hostium
265 846 462 884 invehitur.
517 847 571 883 At
585 847 648 895 qui
666 847 705 882 in
723 846 828 882 laevo
843 858 958 882 cornu
978 851 1083 883 erant
1100 845 1246 889 Persae,

85 914 149 950 spe
175 913 281 950 posse
308 912 392 937 eum
420 899 571 945 includi,
593 907 726 948 agmen
746 912 853 936 suum
874 912 895 936 a
913 904 1021 947 tergo
1040 899 1251 937 dimicantis

86 959 279 1004 opponunt
298 967 306 998 ;
335 954 540 1002 ingensque
558 953 760 1003 periculum
781 953 822 989 in
842 952 963 989 medio
983 953 1136 990 haerens
1155 953 1251 990 adis-

87 1013 153 1052 set,
182 1008 221 1044 ni
247 1007 390 1057 equites
410 1007 567 1056 Agriani
594 1007 795 1044 calcaribus
823 1006 981 1043 subditis
1009 1007 1252 1044 circumfusos

86 1061 165 1110 regi
192 1062 369 1098 barbaros
389 1061 510 1098 adorti
529 1066 662 1105 essent,
684 1072 904 1109 aversosque
930 1060 1121 1097 caedendo
1147 1061 1185 1096 in
1215 1073 1253 1096 se

88 1115 230 1152 obverti
248 1115 464 1161 coegissent.
520 1114 686 1151 Turbata
700 1119 779 1150 erat
798 1118 954 1160 utraque
972 1114 1081 1150 acies.
1137 1114 1253 1150 Alex-

88 1168 202 1205 ander
221 1175 258 1205 et
277 1180 298 1204 a
316 1167 438 1204 fronte
457 1172 494 1204 et
513 1179 535 1203 a
553 1173 660 1215 tergo
679 1167 823 1204 hostem
838 1166 999 1204 habebat
1016 1181 1023 1203 :
1045 1167 1107 1215 qui
1126 1180 1254 1204 averso

89 1222 121 1258 ei
141 1221 340 1265 instabant,
361 1221 408 1257 ab
430 1220 603 1269 Agrianis
622 1220 806 1268 equitibus
834 1221 1099 1269 premebantur
1122 1235 1129 1258 :
1160 1221 1254 1258 Bac-

89 1275 209 1320 triani,
245 1274 515 1324 impedimentis
542 1274 705 1311 hostium
732 1274 897 1322 direptis,
925 1275 1073 1320 reversi,
1104 1275 1252 1311 ordines

89 1341 173 1365 suos
199 1340 415 1377 recuperare
442 1340 518 1364 non
546 1333 742 1376 poterant;
772 1327 879 1376 plura
906 1327 1014 1364 simul
1042 1329 1201 1377 abrupta
1230 1341 1250 1364 a

90 1381 219 1420 ceteris
255 1381 413 1430 agmina,
450 1381 672 1430 ubicumque
699 1381 812 1418 alium
852 1381 913 1417 alii
939 1381 1014 1418 fors
1042 1381 1250 1426 miscuerat,

92 1435 327 1473 dimicabant.
384 1434 472 1471 Duo
499 1447 604 1483 reges
617 1435 757 1483 junctis
776 1447 890 1484 prope
909 1434 1119 1483 agminibus
1148 1448 1255 1484 proe-

92 1489 182 1525 lium
209 1488 460 1526 accendebant
480 1501 489 1532 ;
518 1489 641 1537 plures
662 1488 790 1525 Persae
809 1488 991 1525 cadebant
1012 1502 1019 1532 ;
1047 1501 1114 1537 par
1141 1489 1254 1525 ferme

95 1542 278 1591 utrimque
304 1554 477 1578 numerus
504 1542 795 1580 vulnerabatur:
825 1554 936 1578 curru
963 1541 1112 1588 Darius,
1142 1542 1257 1579 Alex-

94 1596 208 1633 ander
226 1607 320 1643 equo
339 1595 540 1632 vehebatur
559 1610 566 1633 :
597 1603 796 1644 utrumque
823 1595 958 1633 delecti
984 1597 1256 1642 tuebantur,sui

95 1651 343 1692 immemorem
373 1649 508 1698 quippe
527 1650 657 1686 amisso
678 1662 765 1698 rege
783 1661 851 1686 nec
879 1650 1051 1687 volebant
1069 1650 1160 1686 salvi
1179 1663 1258 1687 esse

94 1716 161 1740 nec
180 1707 351 1751 poterant
371 1715 379 1739 ε
408 1708 495 1740 ante
513 1703 638 1739 oculos
656 1703 713 1739 sui
731 1703 885 1752 quisque
903 1704 1001 1751 regis
1020 1710 1174 1741 mortem
1196 1717 1257 1740 oo-

95 1757 265 1793 cumbere
293 1756 480 1793 ducebant
506 1756 709 1805 egregium.
748 1757 953 1793 Maximum
972 1762 1097 1794 tamen
1115 1759 1260 1806 perieu-

93 1810 168 1847 lum
183 1810 346 1855 adibant,
367 1810 431 1859 qui
445 1811 601 1847 maxime
616 1811 815 1848 tuebantur
835 1823 844 1854 ;
874 1811 1009 1860 quippe
1023 1811 1090 1847 sibi
1105 1811 1260 1859 quisque

97 1864 191 1900 caesi
208 1865 306 1913 regis
324 1864 522 1912 expetebat
541 1864 664 1901 decus.

148 1917 250 1954 LIX.
281 1918 467 1962 Ceterum,
496 1917 573 1954 sive
605 1917 806 1954 ludibrium
833 1917 1035 1959 oculorum,
1073 1918 1149 1955 sive
1174 1930 1258 1954 vera

98 1971 234 2019 species
251 1971 332 2017 fuit,
353 1971 417 2020 qui
435 1971 532 2008 circa
552 1971 808 2008 Alexandrum
826 1976 943 2015 erant,
965 1971 1102 2008 vidisse
1122 1985 1160 2008 se
1179 1984 1255 2008 cre-

98 2024 273 2062 diderunt
290 2025 482 2074 paululum
508 2038 618 2074 super
636 2030 748 2074 caput
774 2025 872 2073 regis
897 2024 1042 2073 placide
1069 2025 1256 2062 volantem

100 2077 269 2126 aquilam,
288 2090 365 2114 non
391 2079 515 2116 sonitu
543 2091 736 2125 armorum,
756 2091 831 2115 non
850 2078 993 2126 gemitu
1021 2079 1258 2116 morientium

100 2130 265 2168 territam
282 2144 290 2168 ε
311 2131 447 2179 diuque
458 2133 554 2169 circa
573 2145 707 2181 equum
722 2132 928 2169 Alexandri
947 2132 1126 2181 pendenti
1143 2132 1261 2181 magis

101 2196 210 2232 quam
224 2184 365 2222 volanti
382 2186 517 2231 similis,
538 2186 718 2235 apparuit.
776 2186 887 2223 Certe
905 2192 1007 2223 vat-es
1023 2186 1258 2231 Aristander,

103 2238 186 2274 alba
204 2242 305 2275 veste
323 2238 476 2276 indutus
503 2252 541 2277 et
559 2241 690 2277 dextra
708 2240 917 2289 praeferens
937 2240 1111 2285 lauream,
1134 2240 1260 2277 militi-

102 2292 171 2329 bus
189 2290 228 2327 in
247 2304 409 2340 pugnam
427 2293 580 2331 intentis
609 2307 711 2330 avem
733 2294 965 2338 monstravit,
984 2293 1085 2330 haud
1105 2294 1257 2330 dubium

104 2345 280 2382 victoriae
299 2346 515 2394 auspicium.
588 2346 724 2395 Ingens
751 2360 834 2395 ergo
862 2347 1030 2385 alacritas
1057 2359 1099 2384 ac
1127 2347 1261 2384 fiducia

104 2398 214 2447 paulo
233 2405 319 2437 ante
346 2399 494 2437 territos
523 2400 690 2437 accendit
709 2401 756 2438 ad
783 2413 975 2451 pugnam;
1005 2401 1133 2447 utique
1160 2408 1260 2449 post-
