1496 2671
133 154 183 189 10
469 151 739 190 CORNELII
769 153 1014 192 NEPOTIS

130 271 251 307 quum
267 258 423 296 Xerxes
439 265 477 296 et
495 259 591 296 mari
607 265 645 297 et
664 262 769 297 terra
782 260 925 298 bellum
944 261 1146 300 universae
1166 263 1326 301 inferret

130 312 324 362 Europae,
347 325 434 350 cum
454 314 572 350 tantis
591 326 672 350 eam
694 314 815 362 copiis
843 315 997 359 invasit,
1018 322 1182 365 quantas
1199 330 1324 366 neque

132 372 256 411 antea,
296 378 422 415 neque
458 373 592 416 postea
626 368 761 404 habuit
797 368 1014 416 quisquam:
1059 369 1176 418 hujus
1220 371 1324 408 enim

131 420 263 456 classis
282 420 387 457 mille
407 425 445 457 et
457 421 710 458 ducentarum
722 421 880 457 navium
895 422 1096 470 longarum
1107 424 1193 469 fuit,
1207 437 1325 473 quam

131 474 208 509 duo
228 473 350 510 millia
374 475 635 511 onerariarum
664 475 939 522 sequebantur:
967 481 1168 514 terrestres
1196 485 1325 515 autem

130 527 326 564 exercitus
360 528 692 576 septingentorum
724 528 889 564 millium
927 530 1109 577 peditum,
1148 532 1324 579 equitum

130 580 500 629 quadringentorum
530 582 694 617 millium
716 581 890 618 fuerunt.
947 581 1069 630 Cujus
1089 584 1135 620 de
1154 585 1324 622 adventu

129 647 247 682 quum
261 633 363 672 fama
375 635 416 670 in
427 633 631 672 Graeciam
647 642 746 672 esset
758 636 917 684 perlata,
930 642 968 672 et
979 637 1147 674 maxime
1156 635 1303 675 Atheni
1313 658 1324 666 -

128 700 238 724 enses
270 689 349 737 peti
378 688 609 732 dicerentur,
640 696 799 736 propter
826 701 995 738 pugnam
1023 688 1324 736 Marathoniam,

127 741 318 778 miserunt
338 742 510 790 Delphos
525 743 753 787 consultum,
768 743 952 791 quidnam
965 743 1135 781 facerent
1150 745 1197 781 de
1209 746 1324 782 rebus

128 795 223 831 suis.
279 793 594 833 Deliberantibus
627 795 769 845 Pythia
805 797 1013 844 respondit,
1048 803 1092 833 ut
1125 799 1324 835 moenibus

128 848 270 896 ligneis
290 861 330 886 se
349 849 558 886 munirent,
616 849 664 886 Id
683 862 920 898 responsum,
934 863 1010 898 quo
1026 851 1186 896 valeret,
1204 864 1324 899 quum

128 901 366 951 intelligeret
405 915 528 947 nemo,
569 903 849 940 Themistocles
886 904 1087 952 persuasit,
1122 905 1324 941 consilium

129 967 212 992 esse
232 956 439 1004 Apollinis,
462 957 565 993 utin
582 969 698 993 naves
726 969 767 993 se
795 969 940 1004 suaque
967 957 1204 1002 conferrent3
1236 970 1326 995 eum

128 1009 232 1045 enim
251 1022 275 1047 a
293 1010 365 1047 deo
385 1010 597 1058 significari
624 1023 778 1047 murum
807 1010 990 1058 ligneum.
1049 1011 1136 1048 Tali
1165 1011 1324 1050 consilio

127 1063 302 1110 probato,
323 1064 469 1100 addunt
488 1063 536 1100 ad
555 1063 772 1112 superiores
796 1064 957 1101 totidem
985 1076 1104 1102 naves
1130 1065 1323 1102 triremes:

128 1128 275 1163 suaque
284 1117 422 1162 omnia,
439 1129 537 1164 quae
552 1117 701 1154 moveri
713 1122 899 1166 poterant,
919 1118 1060 1165 partim
1078 1117 1322 1164 Salaminem,

127 1170 270 1217 partim
291 1170 537 1215 Troezenem,
559 1176 774 1219 asportant3
803 1182 929 1207 arcem
947 1171 1209 1209 sacerdotibus
1229 1185 1322 1221 pau-

128 1223 260 1270 cisque
292 1223 502 1272 majoribus
530 1229 635 1269 natu,
665 1236 709 1261 ac
743 1236 850 1262 sacra
883 1225 1120 1272 procuranda
1151 1226 1321 1270 tradunt,

128 1277 322 1325 reliquum
341 1277 525 1326 oppidum
544 1277 779 1327 relinquunt.

130 1416 219 1455 CAP
248 1418 326 1455 111.
395 1417 433 1454 T
429 1417 660 1508 hemistocigdles
691 1425 850 1469 pit-quat
883 1419 1047 1456 secundo
1081 1419 1230 1470 proelio
1268 1419 1325 1456 ad

633 1473 859 1509 rtemisz'um.

185 1547 329 1584 HUJUS
345 1547 549 1585 consilium
569 1547 762 1596 plerisque
782 1548 1007 1586 civitatibus
1021 1547 1260 1597 displicebat,
1282 1554 1322 1586 et

128 1600 170 1637 in
190 1599 294 1638 terra
313 1602 489 1639 dimicari
517 1602 641 1650 magis
674 1603 863 1650 placebat.
918 1601 1058 1650 Itaque
1088 1601 1198 1638 missi
1230 1608 1322 1639 sunt

128 1654 268 1692 delecti
287 1667 374 1692 cum
394 1653 567 1693 Leonida
589 1654 976 1692 Lacedaemoniorum
995 1667 1098 1703 rege,
1112 1655 1181 1704 qui
1195 1654 1320 1692 Ther-

128 1708 303 1757 mopylas
329 1715 572 1758 occuparent,
593 1709 823 1758 longiusque
842 1710 1025 1746 barbaros
1044 1708 1224 1757 progredi
1243 1720 1320 1745 non

128 1768 370 1811 paterentur.
427 1763 483 1799 Hi
516 1763 597 1799 vim
629 1763 796 1800 hostium
816 1775 891 1799 non
913 1762 1181 1799 sustinuerunt
1199 1774 1320 1809 eoque

128 1816 210 1853 loco
231 1828 363 1853 omnes
381 1816 627 1853 interierunt.
684 1814 740 1852 At
755 1816 886 1853 classis
899 1815 1111 1853 communis
1131 1813 1321 1852 Graeciae

128 1875 389 1906 trecentarum
408 1870 581 1914 navium,
601 1870 642 1906 in
662 1867 738 1918 qua
757 1870 944 1906 ducentae
972 1874 1081 1907 erant
1102 1866 1319 1905 Athenien-

130 1922 243 1968 sium,
264 1923 433 1971 primum
464 1924 565 1972 apud
596 1921 865 1967 Artemisium,
885 1923 988 1960 inter
1007 1922 1205 1958 Euboeam
1225 1934 1316 1958 con·

128 1976 392 2024 timentemque
425 1983 578 2021 terram,
617 1989 704 2013 cum
736 1976 940 2014 classiariis
968 1975 1086 2023 regiis
1117 1975 1291 2012 conflixit
1308 1988 1317 2012 :

128 2029 328 2077 angustias
349 2030 451 2066 enim
473 2030 753 2067 Themistocles
772 2030 991 2078 quaerebat,
1007 2040 1055 2065 ne
1069 2028 1319 2066 multitudine

130 2083 415 2120 circumiretur.
490 2084 596 2121 Hinc
633 2084 702 2121 etsi
740 2083 823 2133 pari
860 2082 1005 2131 proelio
1050 2082 1315 2126 discesserant,

128 2142 257 2173 tamen
291 2137 424 2174 eodem
455 2137 538 2174 loco
569 2150 645 2174 non
674 2144 765 2174 sunt
798 2137 881 2173 ausi
913 2147 1078 2180 manere,
1100 2135 1202 2183 quod
1235 2141 1317 2172 erat

128 2190 356 2239 periculum,
378 2203 438 2234 ne,
454 2191 486 2226 si
506 2204 594 2239 pars
614 2191 772 2227 navium
791 2189 1098 2226 adversariorum
1119 2189 1314 2225 Euboeam

130 2241 362 2292 superasset,
376 2245 534 2292 ancipiti
551 2250 818 2293 premerentur
832 2242 1017 2290 periculo.
1068 2240 1154 2288 Quo
1170 2241 1311 2278 factum

128 2303 198 2342 est,
220 2304 263 2333 ut
283 2298 330 2334 ab
353 2298 565 2334 Artemisio
585 2297 834 2339 discederent,
849 2302 887 2332 et
903 2296 1104 2332 adversum
1126 2294 1310 2338 Athenas,

127 2351 232 2398 apud
255 2349 459 2398 Salamina,
480 2352 638 2390 classem
658 2362 765 2387 suam
786 2349 1075 2387 constituerent.
