1496 2671
312 187 386 224 DE
416 186 596 224 BELLO
628 184 877 225 GALLICO
906 185 1010 224 LIB.
1040 186 1112 224 IV.
1256 185 1301 225 71

171 294 328 332 XXVI.
361 293 580 342 Pugnatum
601 298 659 329 est
674 293 722 329 ab
746 293 914 341 utrisque
931 293 1087 337 acriter3
1108 292 1227 330 nostri
1248 298 1306 330 ta-

117 361 218 393 men,
239 348 340 395 quod
359 358 483 394 neque
503 346 656 382 ordines
677 358 843 390 servare,
867 359 991 394 neque
1011 347 1174 383 firmiter
1192 346 1307 382 insis-

117 409 210 445 tere,
232 412 356 449 neque
375 399 486 447 signa
507 399 685 447 subsequi
707 405 897 448 poterant,
917 406 1032 448 atque
1052 400 1148 437 alius
1169 400 1244 437 alia
1260 411 1310 436 ex

118 455 220 499 navi,
251 454 556 502 quibuscumque
584 452 704 500 signis
733 459 962 498 occurrerat,
993 465 1032 489 se
1061 454 1310 502 aggregabat,

118 519 258 555 magno
270 518 384 554 opere
399 507 737 554 perturbabantur.
796 505 940 542 Hostes
955 519 1058 550 vero,
1074 507 1174 542 notis
1189 507 1311 543 omni·-

118 561 191 597 bus
210 560 329 603 vadis,
345 560 411 595 ubi
427 572 478 595 ex
497 559 610 596 litore
630 559 777 607 aliquos
794 559 1007 607 singulares
1027 572 1077 596 ex
1097 560 1187 596 navi
1204 572 1313 607 egre-

119 613 268 649 dientes
296 619 587 661 conspexerant,
609 613 778 649 incitatis
799 613 907 660 equis
935 612 1139 660 impeditos
1165 613 1313 649 adorie-

120 667 278 703 bantur:
308 666 437 715 plures
476 678 614 713 paucos
644 665 988 707 circumsistebant,
1019 665 1085 702 alii
1114 667 1161 702 ab
1194 666 1315 702 latere

121 726 254 767 aperto
273 719 314 754 in
335 719 535 755 universos
553 719 627 755 tela
642 719 909 766 conjiciebant.
969 717 1080 764 Quod
1096 731 1213 766 quum
1232 720 1315 756 ani-

122 773 392 809 madvertisset
425 771 567 817 Caesar,
597 772 755 820 scaphas
788 772 991 820 longarum
1024 773 1193 816 navium,
1224 773 1316 809 item

123 825 379 874 speculatoria
408 825 565 873 navigia
595 825 784 862 militibus
804 825 988 873 compleri
1012 824 1142 872 jussit,
1165 833 1202 862 et
1223 838 1318 872 quos

121 879 342 916 laborantes
361 884 625 926 conspexerat,
643 879 690 915 iis
711 879 880 915 subsidia
897 879 1158 923 submittebat,
1216 878 1319 915 Nos-

123 932 176 969 tri
210 932 324 968 simul
353 931 394 967 in
423 932 530 968 arido
551 932 818 976 constiterunt,
840 932 920 969 suis
940 932 1118 968 omnibus
1137 944 1319 969 consecu-

123 986 186 1030 tis,
208 985 249 1021 in
283 986 412 1022 hostes
442 986 626 1033 impetum
662 984 837 1022 fecerunt
872 992 987 1034 atque
1018 998 1082 1022 eos
1114 985 1155 1021 in
1186 986 1320 1034 fugam

126 1039 330 1083 dederunt,
368 1050 493 1086 neque
531 1038 683 1087 longius
729 1039 909 1087 prosequi
956 1044 1178 1087 potuerunt,
1218 1039 1320 1087 quod

126 1092 274 1140 equites
294 1104 448 1128 cursum
468 1098 599 1128 tenere
619 1098 733 1139 atque
753 1092 915 1128 insulam
933 1104 1067 1140 capere
1088 1105 1162 1128 non
1187 1098 1322 1140 potue-

125 1151 223 1182 rant.
284 1145 370 1180 Hoc
390 1157 505 1180 unam
522 1145 569 1181 ad
585 1144 786 1192 pristinam
807 1144 1000 1182 fortunam
1022 1144 1164 1182 Caesari
1185 1144 1323 1181 defuit.

180 1197 365 1233 XXVII.
398 1197 541 1234 Hostes
571 1197 705 1246 proelio
736 1199 904 1245 superati
935 1198 1049 1234 simul
1077 1205 1191 1247 atque
1214 1211 1254 1235 se
1274 1211 1324 1234 ex

128 1248 222 1299 fuga
251 1256 492 1299 receperunt,
514 1251 644 1287 statim
678 1251 725 1287 ad
757 1250 948 1288 Caesarem
981 1252 1126 1299 legatos
1157 1252 1204 1288 (le
1232 1263 1324 1299 pace

128 1305 330 1348 miserunt,
351 1304 502 1340 obsides
522 1304 691 1348 daturos,
713 1317 874 1352 quaeque
893 1306 1118 1353 imperasset
1143 1318 1225 1342 sese
1244 1305 1324 1341 fac-

129 1365 238 1393 turos
267 1357 427 1405 polliciti
457 1364 562 1393 sunt.
620 1357 711 1394 Una
739 1370 826 1394 cum
854 1358 915 1394 his
952 1358 1089 1406 legatis
1125 1358 1326 1395 Commius

132 1411 303 1447 Atrebas
334 1410 454 1454 venit,
480 1423 594 1457 quem
617 1423 734 1459 supra
757 1411 1111 1448 demonstraveram
1130 1425 1152 1448 a
1173 1411 1326 1449 Caesare

131 1464 171 1500 in
193 1463 438 1499 Britanniam
459 1464 708 1511 praemissum.
772 1464 887 1501 Hunc
903 1464 959 1500 illi
977 1477 996 1501 e
1013 1465 1103 1501 navi
1117 1477 1326 1513 egressum,

133 1529 251 1565 quum
273 1517 319 1553 ad
336 1528 398 1552 eos
418 1517 581 1553 oratoris
598 1518 710 1553 modo
729 1518 972 1564 imperatoris
988 1518 1167 1555 mandata
1181 1517 1327 1567 perfer-

134 1577 207 1614 ret,
218 1570 763 1618 comprehenderantatquein
780 1571 934 1607 vincula
951 1571 1210 1619 conjecerant:
1231 1579 1328 1615 tum,

135 1623 271 1671 proelio
290 1623 400 1666 sacto,
423 1623 653 1659 remiserunt
673 1631 709 1660 et
726 1624 765 1659 in
787 1622 949 1672 petenda
973 1637 1064 1673 pace
1079 1624 1162 1672 ejus
1177 1625 1233 1661 rei
1249 1625 1329 1661 cul-

136 1688 223 1724 pam
242 1676 282 1711 in
304 1676 590 1712 multitudinem
611 1677 867 1721 contulerunt,
884 1686 920 1714 et
937 1685 1093 1726 propter
1108 1679 1330 1727 impruden-

136 1730 230 1766 tiam
276 1736 319 1765 ut.
364 1729 640 1777 ignosceretur,
689 1731 924 1778 petiverunt.
984 1731 1114 1768 Caesar
1159 1738 1329 1779 questus,

137 1782 254 1831 quod,
274 1794 392 1829 quum
414 1783 516 1818 ultro
536 1783 576 1818 in
597 1784 858 1820 continentem
878 1785 1015 1833 legatis
1044 1785 1170 1821 missis
1199 1797 1332 1833 pacem

137 1837 186 1872 ab
207 1847 245 1872 se
265 1836 463 1883 petissent,
485 1835 626 1872 bellum
648 1837 730 1873 sine
750 1840 866 1874 causa
884 1838 1119 1882 intulissent,
1134 1838 1333 1885 ignoscere

138 1889 408 1937 imprudentia>
441 1889 542 1925 dixit
575 1890 802 1938 obsidesque
834 1891 1056 1938 imperavit:
1089 1903 1253 1939 quorum
1277 1891 1333 1927 illi

140 1947 288 1990 partem
320 1942 449 1978 statim
487 1943 687 1987 dederunt,
728 1950 873 1990 partem
914 1957 963 1980 ex
1000 1944 1336 1993 longinquioribus

140 1995 234 2031 locis
263 1995 495 2040 arcessitam,
518 1997 650 2043 paucis
679 1997 815 2033 (liebus
844 2009 926 2034 sese
958 1998 1115 2034 daturos
1136 1998 1335 2034 dixerunt.

142 2047 298 2084 Interea
318 2060 404 2084 suos
424 2049 634 2097 remigrare
653 2050 692 2085 in
710 2062 821 2098 agros
835 2050 1048 2097 jusserunt,
1066 2051 1337 2099 principesque

144 2101 314 2147 undique
339 2101 545 2138 convenire
565 2109 603 2139 et
623 2115 662 2139 se
682 2103 936 2152 civitatesque
955 2116 1043 2141 suas
1068 2103 1210 2141 Caesari
1235 2117 1337 2141 com-

144 2154 326 2189 mendare
345 2162 552 2202 coeperunt.

201 2205 408 2243 XXVIII.
440 2206 515 2244 His
534 2209 650 2246 rebus
670 2222 764 2258 pace
784 2208 1018 2255 confirmata,
1041 2216 1127 2259 post
1146 2211 1247 2247 diem
1263 2210 1337 2247 IV.

147 2271 263 2307 quam
295 2266 353 2295 est
385 2259 426 2295 in
462 2260 706 2298 Britanniam
738 2270 910 2309 ventum,
946 2276 1064 2300 naves
1094 2264 1259 2308 XVIII,
1294 2265 1340 2300 de

148 2312 289 2360 quibus
320 2324 435 2361 supra
468 2313 770 2352 demonstratum
803 2324 872 2362 est,
893 2329 978 2365 quae
1006 2318 1154 2365 equites
1175 2316 1340 2353 sustule-

148 2371 249 2410 rant,
284 2377 333 2401 ex
368 2366 563 2413 superiore
595 2375 709 2416 portu
740 2369 817 2406 leni
839 2376 955 2406 vento
975 2370 1186 2407 solverunt.
1246 2369 1341 2414 Quae

148 2431 268 2475 quum
289 2418 641 2474 appropinquarent
660 2421 873 2459 Britanniae
893 2430 930 2460 et
950 2435 999 2460 ex
1015 2424 1151 2460 castris
1164 2423 1342 2459 videren-
