1496 2671
310 231 382 268 DE
411 227 591 267 BELLO
623 225 872 265 GALLICO
902 226 1007 264 LIB.
1039 225 1111 262 IV.
1252 224 1301 262 73

109 339 375 390 ‘compara-bat:
406 349 496 373 nam
527 342 567 373 et
599 335 835 372 frumentum
869 346 919 370 ex
947 333 1050 382 agris
1073 331 1245 380 quotidie
1264 331 1305 366 in

110 401 240 432 castra
275 391 507 434 conferebat,
547 395 585 426 et
621 399 706 437 quae
745 385 972 435 gravissime
1005 386 1167 423 adflietae
1193 391 1307 432 erant

112 459 244 491 naves,
264 457 396 483 earum
415 443 578 480 materia
596 448 711 490 atque
730 452 806 477 aere
826 441 873 476 ad
896 440 1064 488 reliquas
1083 438 1307 476 reficiendas

113 501 306 542 utebatur,
328 503 367 535 et
386 508 471 546 quae
491 496 539 533 ad
567 508 631 533 eas
659 506 720 531 res
754 499 863 531 erant
896 494 994 537 usui,
1016 506 1065 529 ex
1092 491 1307 530 continenti

110 552 347 601 comportari
359 550 536 598 jubebat.
593 549 731 597 Itaque
761 559 881 595 quum
911 547 950 582 id
971 559 1120 583 summo
1141 545 1268 583 studio
1288 557 1310 581 a

114 606 304 643 militibus
332 604 677 646 administraretur,
708 600 910 637 duodecim
949 600 1114 637 navibus
1147 599 1308 643 amissis,

113 658 274 707 reliquis
294 664 338 695 ut
357 656 535 706 navigari
554 655 750 693 commode
769 659 908 703 posset,
929 653 1068 690 effecit..

169 711 357 749 XXXII.
389 711 492 748 Dum
513 722 559 747 ea
576 714 776 758 geruntur,
799 708 950 755 legione
969 719 1018 743 ex
1035 706 1311 743 consuetudine

115 763 194 803 una
231 764 510 802 frumentatum
545 760 671 806 missa,
711 772 795 810 qua>
834 760 1099 809 appellabatur
1137 759 1311 807 septima,

114 831 242 868 neque
275 819 355 855 ulla
387 817 434 855 ad
463 817 502 854 id
531 822 684 864 tempus
712 814 802 852 belli
831 814 1049 863 suspicione
1068 809 1308 861 interposita,

111 885 238 921 quum
257 884 346 920 pars
364 870 564 908 hominum
583 870 622 906 in
645 868 747 917 agris
769 874 995 912 remaneret,
1017 879 1105 915 pars
1131 868 1247 903 etiam
1272 865 1313 900 in

113 932 244 964 castra
263 925 485 967 ventitaret,
506 924 546 968 ii,
561 923 628 972 qui
644 935 713 971 pro
726 921 847 970 portis
862 927 1076 958 castrorum
1091 921 1132 956 in
1149 919 1315 957 statione

112 985 240 1024 erant,
273 977 416 1016 Caesari
447 977 727 1013 renunciarunt
757 975 956 1023 pulverem
980 973 1177 1021 majorem,
1198 984 1314 1021 quam

114 1032 357 1070 consuetudo
390 1030 523 1074 ferret,
542 1030 582 1066 in
617 1027 662 1067 ea
685 1035 793 1078 parte
814 1028 949 1068 videri,
970 1040 1085 1076 quam
1105 1028 1144 1063 in
1167 1032 1315 1075 partem

118 1086 220 1135 legio
239 1085 314 1122 iter
332 1084 496 1122 fecisset.
556 1082 697 1127 Caesar,
718 1082 758 1118 id
777 1082 879 1129 quod
898 1087 981 1118 erat
999 1081 1227 1129 suspicatus,
1245 1080 1314 1116 ali-

115 1139 213 1187 quid
241 1138 334 1175 novi
354 1151 376 1175 a
395 1136 570 1174 barbaris
602 1136 742 1172 initum
773 1135 936 1179 consilii,
961 1135 1148 1177 cohortes,
1169 1144 1255 1182 quae
1275 1134 1315 1170 in

117 1191 349 1230 stat-ionibus
367 1197 490 1234 erant,
511 1201 640 1226 secum
660 1189 700 1225 in
723 1201 806 1225 eam
827 1194 976 1237 partem
999 1187 1200 1236 proficisci,
1221 1188 1315 1224 duas

115 1258 172 1284 ex
198 1244 358 1292 reliquis
388 1244 429 1280 in
463 1243 665 1279 stationem
690 1243 906 1286 succedere,
927 1241 1097 1290 reliquas
1116 1241 1257 1277 armari
1279 1247 1318 1278 et

116 1297 323 1337 confestim
342 1309 424 1334 sese
443 1297 624 1344 subsequi
637 1295 766 1343 jussit.
826 1294 956 1340 Quum
977 1295 1104 1343 paulic
1123 1294 1277 1343 longius
1297 1307 1319 1331 a

113 1351 253 1390 castris
273 1350 531 1400 processisset,
558 1361 645 1386 suos
666 1349 713 1385 ab
734 1349 910 1386 hostibus
931 1348 1055 1396 premi
1076 1354 1191 1396 atque
1213 1359 1316 1396 aegre

120 1405 313 1443 sustinere
342 1410 380 1442 et
408 1400 582 1441 conferta
609 1403 760 1451 legione
780 1414 827 1439 ex
848 1402 1027 1439 omnibus
1046 1401 1223 1450 partibus
1241 1402 1319 1438 tela

117 1457 261 1507 conjici
281 1457 452 1495 animum
472 1456 651 1493 advertit.
708 1455 810 1492 Nam
830 1455 943 1504 quod,
965 1455 1070 1491 omni
1090 1467 1140 1492 ex
1160 1454 1318 1503 reliquis

122 1512 297 1561 partibus
312 1511 483 1548 demesso
494 1509 701 1551 frumento,
719 1522 795 1545 una
811 1521 899 1557 pars
915 1515 996 1545 erat
1012 1508 1171 1557 reliqua,
1193 1509 1317 1557 suspi-

120 1565 200 1603 cati
231 1566 361 1602 hostes
394 1565 469 1600 huc
503 1569 652 1600 nostros
685 1575 768 1600 esse
796 1568 992 1606 venturos,
1013 1569 1130 1599 noctu
1150 1562 1190 1598 in
1210 1562 1318 1598 silvis

119 1619 371 1656 delituerant:
401 1624 485 1654 tum
503 1617 707 1664 dispersos,
728 1615 912 1664 depositis
933 1616 1062 1659 armis,
1083 1615 1124 1660 in
1141 1616 1319 1652 metendo

121 1677 343 1720 occupatos,
363 1671 491 1708 subito
511 1670 648 1713 adorti,
670 1669 800 1717 paucis
819 1668 1049 1713 interfectis,
1068 1668 1239 1717 reliquos
1259 1670 1318 1705 in-

120 1725 240 1763 certis
268 1725 470 1762 ordinibus
499 1724 839 1771 perturbaverant:
869 1722 984 1759 simul
1005 1722 1182 1769 equitatu
1203 1730 1319 1771 atque

121 1779 269 1816 essedis
287 1777 632 1815 circumdederant.

178 1831 389 1868 XXXIII.
420 1829 556 1867 Genus
589 1831 659 1867 hoc
693 1835 751 1866 est
778 1841 828 1866 ex
849 1829 991 1866 essedis
1012 1841 1165 1877 pugnae:
1196 1828 1320 1877 primo

125 1898 196 1934 per
223 1897 354 1922 omnes
387 1889 515 1933 partes
539 1883 782 1932 perequitant
807 1889 846 1919 et
864 1883 942 1919 tela
959 1881 1184 1930 conjiciunt,
1205 1887 1320 1931 atque

125 1940 211 1988 ipso
237 1945 385 1975 terrore
404 1949 591 1985 equorum
611 1944 649 1972 et
668 1935 832 1984 strepitu
853 1942 1025 1973 rotarum
1045 1935 1199 1972 ordines
1220 1936 1320 1984 pler-

127 2004 270 2040 umque
302 1992 546 2040 perturbant:
579 1996 618 2026 et>
645 2002 764 2037 quum
795 2002 834 2025 se
854 1990 956 2026 inter
976 1989 1150 2037 equitum
1170 1994 1320 2026 turmas

128 2045 422 2088 insinuaverint,
443 2057 494 2081 ex
522 2043 665 2080 essedis
693 2043 877 2080 desiliunt
903 2049 941 2079 et
961 2043 1123 2090 pedibus
1142 2042 1322 2090 proelian-

127 2105 201 2135 tur.
258 2097 419 2146 Aurigae
457 2097 613 2133 interim
647 2096 845 2144 paullatim
879 2108 927 2133 ex
961 2096 1097 2144 proelio
1129 2096 1323 2133 excedunt

128 2157 245 2199 atque
263 2150 319 2187 ita
338 2162 473 2187 currus
492 2150 689 2194 collocant,
714 2156 765 2194 ut,
788 2150 819 2186 si
839 2149 897 2185 illi
917 2162 939 2186 a
958 2149 1206 2186 multitudine
1233 2150 1321 2187 hos-

128 2204 229 2242 tium
248 2209 485 2252 premantur,
505 2203 728 2251 expeditum
749 2203 797 2240 ad
816 2215 905 2240 suos
923 2208 1121 2251 receptum
1145 2203 1322 2240 habeant„

105 2281 107 2283 ·
130 2257 194 2294 Ita
213 2257 465 2294 mobilitatem
483 2257 667 2304 equitum,
690 2256 938 2294 stabilitatem
959 2256 1131 2305 peditum
1159 2256 1199 2292 in
1221 2269 1323 2305 proe-

131 2311 195 2347 liis
214 2315 410 2359 praestant,
431 2322 475 2346 ac
495 2315 644 2346 tantum
666 2322 736 2346 usu
751 2310 977 2358 quotidiano
992 2315 1030 2346 et
1045 2309 1323 2346 exercitatione

129 2364 316 2408 efficiunt,
340 2363 397 2399 uti
417 2363 456 2399 in
477 2362 617 2400 declivi
637 2375 681 2400 ac
702 2363 889 2411 praecipiti
909 2363 992 2400 loco
1012 2363 1191 2400 incitatos
1207 2374 1324 2411 equos

130 2416 323 2454 sustinere
343 2422 381 2453 et
400 2416 510 2453 brevi
529 2416 716 2453 moderari
738 2429 782 2452 ac
801 2417 965 2462 flectere,
988 2424 1026 2454 et
1045 2428 1114 2465 per
1133 2422 1325 2453 temonem

715 2481 741 2504 (i-
