1496 2671
427 131 592 169 LIBER
622 130 867 168 TERTIUS.
1178 130 1226 167 15

74 242 232 281 militum
249 239 434 289 imposuit.
489 238 589 275 Vota
607 237 743 275 deinde
761 251 828 287 pro
847 238 965 276 salute
980 241 1148 286 suscepta
1162 249 1226 286 per

73 296 202 333 ludum
236 299 347 342 atque
380 292 496 331 otium
521 291 692 336 reddens,
727 292 891 329 ostendit
926 295 1065 340 quanta
1091 290 1227 328 fiducia

74 349 251 386 Barbaros
295 351 495 395 sperneret.
549 345 769 394 Aesculapio
814 350 852 383 et
890 345 1079 383 Minervae
1118 344 1226 381 ludos

71 399 278 440 celebravit.
334 398 524 449 Spectanti
550 399 703 436 nuntius
729 399 848 437 laetus
872 399 1023 436 affertur
1050 411 1095 435 ex
1120 397 1227 435 Hali-

71 466 250 500 carnaSSO,
281 453 408 491 Persas
435 453 512 490 acie
547 465 568 489 a
603 452 676 489 suis
702 465 781 490 esse
808 457 997 501 superatos
1018 465 1026 489 z
1054 451 1229 501 Myndios

69 519 214 557 quoquc
232 511 270 546 et
299 506 458 544 Caunios
485 511 522 544 et
549 506 724 556 pleraque
750 510 890 544 tractus
916 505 994 555 ejus
1021 518 1107 542 suae
1132 505 1229 543 facta

68 561 231 599 ditionis.
304 561 425 610 Igitur
455 560 557 598 edito
593 560 799 609 spectaculo
835 559 992 602 ludicro,
1029 559 1229 608 castrisque

68 614 188 660 motis,
207 619 246 653 ct
265 614 424 665 Pyramo
443 626 550 651 amne
567 617 680 663 ponte
701 613 844 662 juncto,
865 613 913 650 ad
939 613 1068 650 urbem
1088 612 1229 650 Mallon

67 667 263 718 pervenit;
291 668 379 705 inde
405 668 529 706 alteris
549 667 676 705 castris
705 667 753 704 ad
771 667 948 717 oppidum
976 666 1227 704 Castabalum.

68 720 126 758 Ibi
153 720 346 759 Parmenio
373 722 452 770 regi
479 721 650 765 occurrit,
680 733 789 770 quem
823 720 1061 770 praemiserat
1088 720 1136 756 ad
1163 731 1226 756 ex—

66 775 286 824 plorandum
303 775 375 813 iter
393 775 519 819 saltus,
537 787 602 824 per
620 787 728 823 quem
748 774 796 811 ad
813 775 942 811 urbem
957 773 1062 811 Isson
1080 772 1229 810 nomine

65 829 335 878 penetrandum
354 833 446 866 erat.
501 830 626 878 Atque
643 828 715 873 ille,
745 827 926 877 angustiis
943 827 1022 877 ejus
1041 825 1228 875 occupatis

64 887 104 920 et
133 883 317 931 praesidio
344 882 487 920 modico
514 882 654 927 relicto,
685 882 789 918 Issou
817 894 964 931 quoque
991 881 1176 918 desertam
1203 892 1224 915 a

65 935 238 973 Barbaris
265 940 422 986 ceperat.
479 936 572 972 Inde
598 948 824 984 progressus,
854 935 1060 972 deturbatis
1079 933 1142 982 qui
1168 933 1224 969 in-

65 989 202 1027 teriora
220 990 400 1027 montium
419 989 649 1033 obsidebant,
670 988 860 1037 praesidiis
879 993 1013 1026 cuncta
1039 987 1198 1024 firmavit
1217 1001 1224 1022 :

63 1048 318 1092 occupatoque
335 1043 479 1088 itinere,
501 1043 596 1080 sicut
614 1042 723 1091 paulo
751 1047 838 1080 ante
865 1041 1005 1079 dictum
1033 1046 1102 1086 est,
1129 1040 1224 1077 idem

64 1101 103 1134 et
121 1101 251 1133 auctor
269 1101 307 1134 et
325 1097 481 1133 nuncius
499 1096 614 1133 venit.

119 1149 248 1186 XVII.
277 1150 382 1187 Isson
407 1150 496 1186 inde
522 1162 586 1185 rex
617 1149 738 1198 copias
765 1149 954 1187 admovit:
982 1147 1048 1185 ubi
1074 1148 1226 1185 consilio

65 1203 205 1247 habito,
228 1207 402 1241 utrumne
420 1203 518 1240 ultra
537 1202 850 1251 progrediendum
876 1202 983 1247 foret,
1013 1214 1061 1238 an
1087 1201 1139 1238 ibi
1165 1214 1230 1250 op-

65 1256 232 1305 periendi
250 1261 373 1294 essent
397 1256 532 1294 milites
551 1256 648 1301 novi,
670 1268 762 1305 quos
789 1269 834 1293 ex
854 1255 1074 1293 Macedonia
1093 1255 1228 1292 adven-

65 1319 145 1348 tare
161 1310 366 1355 constabat,
387 1310 582 1347 Parmenio
597 1322 673 1346 non
692 1310 804 1346 alium
822 1310 943 1346 locum
956 1309 1094 1358 praelio
1113 1309 1230 1357 aptio-

65 1376 143 1401 rem
162 1376 240 1401 esse
267 1364 468 1402 censebat:
498 1364 633 1413 quippe
660 1363 736 1400 illie
761 1363 954 1412 utriusque
981 1363 1078 1411 regis
1106 1362 1228 1410 copias

66 1429 220 1454 numero
247 1417 389 1455 futuras
423 1429 556 1467 pares;
591 1430 702 1465 quum
732 1417 924 1466 angustiae
950 1415 1226 1454 multitudinem

65 1483 142 1508 non
167 1476 351 1520 caperent,
372 1471 562 1520 planitiem
581 1471 668 1519 ipsis
694 1483 914 1520 camposque
933 1483 1011 1507 esse
1038 1469 1223 1513 vitandos,

67 1524 132 1561 ubi
150 1524 344 1569 circumiri,
365 1525 429 1561 ubi
447 1524 598 1573 ancipiti
617 1524 693 1560 acie
712 1524 868 1573 opprimi
885 1528 1035 1573 possent
1055 1537 1062 1560 :
1084 1523 1228 1568 timere,

67 1590 116 1615 ne
134 1589 210 1614 non
227 1578 365 1615 virtute
383 1578 544 1616 hostium
562 1578 627 1615 sed
645 1577 861 1616 lassitudine
879 1591 945 1615 sua
962 1577 1198 1615 vincerentur
1219 1590 1227 1613 z

71 1631 203 1668 Persas
238 1636 407 1669 recentes
444 1631 601 1669 subinde
636 1643 876 1677 successuros,
911 1631 941 1668 si
977 1631 1096 1668 laxius
1132 1636 1229 1668 stare

68 1685 286 1734 potuissent.
358 1685 479 1722 Facile
505 1685 600 1722 ratio
626 1690 703 1722 tam
730 1685 885 1722 salubris
912 1685 1055 1722 consilii
1081 1689 1231 1734 accepta

66 1743 143 1782 est;
159 1738 284 1788 itaque
301 1739 400 1776 inter
412 1739 600 1787 angustias
619 1738 733 1776 saltus
748 1739 890 1776 hostem
911 1738 1071 1788 opperiri
1083 1738 1225 1776 statuit.

70 1792 159 1830 Erat
177 1792 216 1829 in
234 1793 398 1830 exercitu
416 1792 514 1841 regis
534 1792 670 1830 Sisines
690 1792 820 1830 Perses
840 1806 848 1830 :
879 1793 1066 1842 quondam
1085 1804 1106 1829 a
1124 1804 1229 1841 prae-

69 1852 151 1883 tore
178 1846 343 1895 Aegypti
369 1846 499 1883 missus
527 1846 574 1883 ad
602 1841 827 1895 Philippum,
860 1845 1040 1894 donisque
1067 1849 1105 1882 et
1132 1845 1231 1882 omni

70 1899 209 1936 honore
235 1899 368 1944 cultus,
397 1899 547 1936 exilium
573 1899 692 1948 patria
710 1899 797 1936 sede
823 1904 1054 1937 mutaverat:
1083 1903 1231 1936 secutus

72 1952 207 1989 deinde
225 1952 264 1989 in
281 1953 408 1990 Asiam
439 1953 702 1998 Alexandrum,
722 1953 820 1990 inter
837 1953 964 1990 fideles
983 1952 1099 1989 socios
1118 1952 1230 1989 habe-

72 2005 196 2042 batur.
265 2006 366 2044 Huic
408 2007 599 2056 cpistolam
637 2006 823 2044 Cretensis
857 2006 962 2048 miles
997 2006 1229 2055 obsignatam

74 2058 223 2103 annulo,
250 2059 353 2108 cujus
371 2060 517 2109 signum
544 2060 645 2097 haud
672 2072 759 2097 sane
785 2064 915 2098 notum
942 2064 1032 2105 erat,
1061 2059 1229 2097 tradidit.

72 2110 304 2149 Nabarzanes
331 2119 478 2162 praetor
506 2114 612 2150 Darii
638 2114 787 2151 miserat
815 2126 908 2159 eam,
936 2113 1227 2162 hortabaturque

74 2165 230 2202 Sisinem
257 2172 300 2203 ut
325 2166 480 2215 dignum
507 2167 646 2216 aliquid
673 2167 867 2206 nobilitate
892 2179 934 2204 ac
960 2167 1123 2205 moribus
1159 2166 1233 2204 suis

73 2219 222 2256 ederet:
260 2231 394 2268 magno
420 2220 460 2257 id
486 2220 520 2258 ei
546 2221 646 2270 apud
674 2221 818 2270 Regem
852 2221 984 2258 honori
1008 2220 1096 2258 fore.
1152 2219 1233 2257 Has

76 2271 200 2310 literas
229 2272 376 2318 Sisines,
404 2278 533 2323 utpote
550 2274 734 2320 innoxius,
765 2275 813 2312 ad
840 2274 1097 2312 Alexandrum
1123 2286 1230 2322 saepe

73 2325 216 2363 deferre
233 2326 412 2364 tentavit:
442 2327 517 2373 sed,
537 2340 651 2376 quum
670 2333 726 2366 tot
753 2329 849 2366 curis
867 2332 1118 2378 apparatuque
1143 2327 1231 2364 belli

72 2391 196 2428 regern
216 2379 356 2419 videret
368 2381 502 2429 urgeri,
523 2380 643 2431 aptius
661 2381 818 2420 subinde
835 2386 981 2431 tempus
999 2385 1227 2431 exspectans,
