1496 2671
351 197 424 235 DE
452 196 631 237 BELLO
662 197 909 236 GALLIOO
939 196 1045 234 LIB.
1074 196 1131 234 ΙΙ.
1282 199 1334 235 39

147 306 311 356 spatium
339 306 525 349 abessent,
551 305 648 341 hanc
672 305 743 342 sub
767 305 927 341 sarcinis
947 304 1105 341 adoriri:
1125 305 1202 352 qua
1220 303 1334 353 pulsa

145 358 504 409 impedimentisque
534 358 705 406 direptis,
734 357 922 402 futurum,
943 364 984 394 ut
1018 358 1173 406 reliquae
1200 365 1333 394 contra

145 413 351 450 consistere
370 424 446 448 non
467 412 666 448 auderent.
721 411 948 459 Adjuvabat
967 411 1081 448 etiam
1098 423 1230 448 eorum
1242 423 1332 447 con··

146 466 283 510 silium,
317 464 383 514 qui
417 478 497 502 rem
530 464 765 510 deserebant,
794 465 896 513 quod
935 463 1073 500 Nervii
1107 464 1332 513 antiquitus,

144 531 263 567 quum
283 519 455 566 equitatu
480 518 577 554 nihil
605 526 760 567 possent
787 518 929 567 (neque
948 517 1051 553 enim
1071 517 1118 554 ad
1147 517 1217 554 hoc
1237 525 1333 554 tem-

144 583 216 620 pus
237 571 273 608 ei
302 572 357 608 rei
390 572 557 616 student,
575 572 641 608 sed
676 571 863 620 quidquid
896 578 1068 619 possunt,
1091 571 1334 619 pedestribus

143 625 275 661 valent
307 625 456 674 copiis),
484 637 560 673 quo
589 625 741 662 facilius
770 624 1022 661 finitimorum
1053 624 1279 671 equitatum,
1301 622 1334 660 si

142 678 340 725 praedandi
374 675 489 715 causa
521 679 569 715 ad
601 691 665 715 eos
700 678 878 722 venisset,
914 677 1156 725 impedirent,
1191 678 1334 714 teneris

143 731 345 768 arboribus
365 731 496 769 incisis
516 738 631 779 atque
657 731 813 768 inflexis
846 731 990 768 crebris
1020 730 1058 766 in
1090 729 1334 767 latitudinem

142 785 260 821 ramis
279 785 415 829 enatis,
436 791 473 822 et
493 786 600 821 rubis
620 786 869 832 sentibusque
888 782 1100 831 interjectis
1115 783 1333 828 effecerant,

143 843 187 874 ut
216 837 339 874 instar
366 839 465 874 muri
500 839 558 874 hae
593 851 701 886 sepes
736 839 974 874 munimenta
1003 838 1238 886 praeberent3
1258 849 1335 884 quo

143 903 221 927 non
240 892 353 928 modo
372 892 520 937 intrari,
543 893 609 929 sed
628 905 676 929 ne
695 892 860 940 perspici
880 891 1034 940 quidem
1064 896 1201 939 posset.
1260 890 1335 926 His

143 946 258 981 rebus
278 958 396 993 quum
416 945 491 982 iter
510 945 674 993 agminis
693 946 815 982 nostri
835 945 1097 993 impediretur,
1120 956 1195 981 non
1222 944 1335 981 omit-

143 998 304 1034 tendum
323 998 396 1035 sibi
416 999 618 1035 consilium
637 998 778 1035 Nervii
797 998 1133 1035 existimaverunt.

198 1050 362 1088 XVIII.
393 1052 485 1089 Loci
513 1060 651 1089 natura
684 1058 766 1089 erat
796 1052 889 1097 haec,
911 1064 1025 1100 quem
1058 1051 1182 1087 locum
1212 1049 1334 1087 nostri

143 1104 279 1141 castris
292 1105 527 1153 delegerant.
586 1105 716 1150 Collis,
734 1106 782 1142 ab
798 1117 946 1142 summo
961 1104 1159 1152 aequaliter
1174 1104 1334 1141 declivis

143 1158 191 1194 ad
218 1156 361 1194 flumen
394 1158 536 1203 Sabim,
557 1159 658 1207 quod
681 1171 798 1207 snpra
822 1159 1118 1203 nominavimus,
1137 1158 1333 1206 vergebat.

142 1211 210 1247 Ab
229 1223 273 1247 eo
292 1211 452 1248 flumine
472 1212 553 1260 pari
574 1212 790 1249 acclivitate
810 1212 917 1249 collis
936 1212 1178 1256 nascebatur,
1198 1212 1334 1248 adver-

143 1275 208 1300 sus
227 1264 317 1301 huic
337 1269 375 1301 et
395 1266 621 1312 contrarius,
642 1278 776 1314 passus
805 1265 958 1301 circiter
987 1265 1182 1308 ducentos,
1203 1264 1337 1300 infima

143 1323 314 1365 apertus,
348 1319 396 1355 ab
429 1319 625 1366 superiore
664 1326 772 1367 parte
805 1318 1007 1362 silvestris,
1040 1325 1084 1354 ut
1114 1330 1191 1354 non
1222 1317 1335 1355 facile

143 1370 334 1408 introrsus
367 1372 532 1421 perspici
562 1378 703 1421 posset.
760 1372 870 1409 Intra
903 1384 967 1408 eas
1000 1371 1118 1408 silvas
1146 1371 1274 1408 hostes
1294 1371 1336 1407 in

143 1424 291 1461 occulto
328 1437 410 1462 sese
447 1425 710 1463 continebant:
742 1425 782 1462 in
820 1432 952 1473 aperto
999 1424 1083 1461 loco
1125 1425 1336 1461 secundum

143 1477 287 1514 flumen
307 1490 438 1526 paucae
455 1479 639 1516 stationes
652 1478 825 1526 equitum
841 1479 1084 1516 videbantur.
1142 1477 1337 1515 Fluminis

144 1537 227 1568 erat
247 1531 410 1568 altitudo
429 1533 570 1580 pedum
591 1532 744 1569 circiter
763 1533 897 1568 trium.

198 1584 322 1620 XIX.
351 1584 491 1630 Caesar,
514 1585 687 1634 equitatu
707 1586 917 1634 praemisso,
935 1585 1242 1632 subsequebatur
1257 1597 1336 1622 om-

144 1637 260 1674 nibus
288 1638 424 1686 copiis:
452 1640 517 1676 sed
536 1639 637 1676 ratio
657 1639 825 1687 ordoque
846 1638 1008 1687 agminis
1027 1638 1139 1675 aliter
1159 1650 1198 1674 se
1218 1638 1335 1675 habe-

143 1692 221 1736 bat,
243 1703 286 1728 ac
305 1691 437 1740 Belgae
459 1693 506 1729 ad
531 1692 701 1729 Nervios
731 1692 963 1729 detulerant.
1019 1691 1123 1728 Nam
1153 1692 1254 1740 quod
1288 1692 1337 1728 ad

142 1744 275 1782 hostes
312 1746 655 1795 appropinquabat,
686 1745 963 1783 consuetudine
996 1743 1065 1782 sua
1104 1744 1234 1782 Caesar
1267 1757 1337 1781 sex

142 1798 312 1847 legiones
345 1799 545 1847 expeditas
574 1800 752 1836 ducebat:
787 1805 873 1847 post
903 1812 967 1836 eas
995 1799 1114 1835 totius
1141 1798 1336 1835 exercitus

142 1851 417 1900 impedimenta
437 1853 655 1890 collocarat:
685 1852 775 1889 inde
794 1853 879 1889 duae
899 1852 1082 1901 legiones,
1103 1863 1189 1900 quae
1217 1864 1336 1900 prox-

143 1904 220 1941 ime
247 1906 472 1955 conscriptae
501 1912 620 1951 erant,
642 1911 765 1943 totum
792 1918 928 1954 agmen
950 1906 1180 1943 claudebant
1203 1905 1335 1953 praesi-

144 1957 283 2005 dioque
314 1959 598 2007 impedimentis
624 1965 747 1997 erant.
804 1959 966 2007 Equites
986 1958 1118 2003 nostri,
1140 1971 1227 1995 cum
1247 1958 1336 1995 fun-

143 2010 332 2048 ditoribus
352 2013 637 2062 sagittariisque
652 2013 796 2050 fiumen
808 2012 1052 2060 transgressi,
1067 2024 1155 2049 cum
1169 2012 1337 2048 hostium

145 2064 319 2112 equitatu
348 2066 529 2114 proelium
556 2067 846 2105 commiserunt.
905 2065 1036 2112 Quum
1057 2077 1096 2102 se
1116 2065 1174 2101 illi
1193 2064 1335 2102 identi-

145 2117 232 2153 dem
260 2118 301 2154 in
334 2119 449 2156 silvas
467 2121 516 2158 ad
536 2133 624 2158 suos
643 2120 869 2168 reciperent,
892 2131 935 2157 ac
955 2131 1088 2156 rursus
1108 2131 1158 2156 ex
1177 2116 1276 2156 silva
1294 2118 1336 2154 in

145 2176 296 2207 nostros
325 2171 511 2221 impetum
543 2173 726 2218 facerent,
747 2185 871 2221 neque
899 2173 1021 2210 nostri
1047 2172 1201 2220 longius
1221 2185 1336 2220 quam

145 2236 258 2272 quem
278 2224 326 2261 ad
345 2226 461 2263 finem
481 2233 654 2274 porrecta
672 2227 755 2264 loca
773 2232 906 2274 aperta
924 2226 1180 2274 pertinebant,
1198 2226 1336 2262 ceden-

144 2284 202 2313 tes
221 2278 371 2325 insequi
391 2280 588 2326 auderent,
609 2281 764 2318 interim
793 2281 963 2329 legiones
988 2292 1068 2324 sex,
1089 2291 1174 2328 quae
1202 2279 1335 2327 primae

144 2337 344 2376 venerant,
383 2344 496 2380 opere
534 2334 716 2379 dimenso,
763 2340 889 2371 castra
934 2333 1087 2370 munire
1124 2338 1335 2382 caeperunt.

144 2383 225 2421 Ubi
246 2385 369 2434 prima
388 2386 662 2434 impedimenta
679 2387 800 2425 nostri
819 2387 1013 2425 exercitiis
1033 2387 1081 2424 ab
1105 2386 1176 2430 his,
1199 2385 1266 2434 qui
1294 2384 1336 2420 in

145 2437 254 2476 silvis
273 2439 392 2476 abditi
423 2439 603 2487 latebant,
626 2440 709 2478 visa
732 2445 821 2478 sunt
840 2439 959 2490 (quod
980 2446 1131 2489 tempus
1151 2439 1253 2476 inter
1272 2449 1337 2476 eos
