1496 2671
191 204 242 240 22
529 203 576 242 C.
605 204 760 243 JULII
790 204 1048 245 CAESARIS

189 310 331 358 pedum
370 307 453 355 DC,
489 323 566 358 qua
600 311 744 349 flumen
782 312 1018 356 intermittit,
1056 326 1166 351 mons
1212 314 1385 351 continet

190 361 331 412 magna
351 363 566 409 altitudine,
596 365 651 402 ita
690 372 732 402 ut
769 367 917 404 radices
956 368 1097 404 montis
1135 380 1185 404 ex
1222 365 1387 416 utraque

189 423 298 465 parte
317 417 411 465 ripae
439 417 610 455 fluminis
629 419 867 469 contingant.
927 420 1044 458 Hunc
1065 433 1199 458 murus
1219 421 1384 458 circum-

189 470 301 507 datus
334 483 460 507 arcem
491 471 605 509 efficit
636 478 674 509 et
707 485 795 509 cum
834 473 975 521 oppido
1003 473 1218 523 conjungit.
1296 473 1386 511 Huc

192 521 322 561 Caesar
334 525 483 572 magnis
503 526 703 562 nocturnis
716 526 942 574 diurnisque
955 527 1161 564 itineribus
1173 528 1389 573 contendit,

189 583 452 626 occupatoque
471 579 610 626 oppido
630 579 684 616 ibi
705 580 924 627 praesidium
945 580 1117 618 collocat.

244 630 453 668 XXXIX.
483 632 585 668 Dum
607 645 747 680 paucos
765 632 846 669 dies
865 633 914 669 ad
928 631 1206 671 Vesontionem
1225 634 1282 671 rei
1302 633 1385 672 fru-

188 685 387 722 mentariae
407 685 718 734 commeatusque
746 687 863 723 causa
882 693 1066 733 moratur,
1086 698 1140 724 ex
1159 694 1386 735 percuncta-

190 738 296 775 tione
314 744 534 775 nostrorum
555 740 791 787 vocibusque
821 738 1024 776 Gallorum
1052 752 1097 777 ac
1116 747 1384 786 mercatorum,

190 791 258 839 qui
277 791 427 840 ingenti
447 793 714 841 magnitudine
734 805 939 841 corporum
969 792 1196 838 Germanos,
1218 794 1386 831 incredi-

191 845 262 881 bili
271 845 417 882 virtute
425 851 541 893 atque
551 846 829 883 exercitatione
841 846 880 882 in
896 847 1013 883 armis
1022 859 1105 884 esse
1115 847 1388 895 praedicabant,

190 909 455 947 saepenumero
474 911 556 935 sese
576 911 664 936 cum
677 899 732 936 eis
752 912 977 948 congressos
992 913 1041 937 ne
1061 900 1213 937 vultum
1231 901 1388 950 quidem

191 958 307 999 atque
345 952 465 988 aciem
503 952 702 989 oculorum
739 952 841 990 ferre
876 954 1059 1002 potuisse,
1098 959 1230 991 tantus
1261 955 1390 991 subito

191 1005 309 1041 timor
328 1017 480 1042 omnem
500 1006 716 1043 exercitum
736 1007 952 1055 occupavit,
974 1013 1019 1044 ut
1046 1020 1123 1044 non
1143 1008 1391 1045 mediocriter

191 1058 364 1095 omnium
385 1065 532 1096 mentes
561 1060 787 1108 animosque
808 1061 1065 1108 perturbaret.
1124 1060 1200 1098 Hic
1219 1062 1390 1110 primum

191 1118 300 1149 ortus
320 1118 377 1148 est
406 1125 427 1149 a
447 1113 616 1150 tribunis
636 1113 815 1157 militum,
837 1113 1042 1162 praefectis,
1063 1114 1301 1163 reliquisque
1320 1115 1389 1162 qui

192 1178 241 1202 ex
262 1167 358 1202 urbe
378 1166 557 1203 amicitiae
577 1164 693 1204 causa
715 1165 906 1204 Caesarem
926 1168 1060 1213 secuti,
1083 1180 1265 1216 magnum
1284 1168 1389 1216 peri-

192 1218 322 1256 culum
342 1220 635 1265 miserabantur,
667 1221 769 1268 quod
797 1233 874 1257 non
904 1233 1087 1270 magnum
1106 1222 1146 1257 in
1166 1234 1208 1258 re
1227 1222 1390 1259 militari

192 1284 306 1309 usum
338 1273 543 1317 habebant,
579 1286 742 1321 quorum
761 1274 858 1311 alius
892 1274 968 1311 alia
1000 1272 1113 1312 causa
1133 1272 1253 1320 illata,
1276 1287 1391 1324 quam

191 1326 266 1363 sibi
278 1326 326 1363 ad
340 1327 660 1375 proficiscendum
677 1327 931 1364 necessariam
947 1340 1030 1365 esse
1045 1328 1202 1372 diceret,
1219 1330 1392 1377 petebat,

192 1386 236 1416 ut
269 1379 353 1427 ejus
385 1380 585 1417 voluntate
613 1381 810 1418 discedere
842 1381 994 1418 liceret:
1022 1381 1211 1426 nonnulli,
1241 1383 1388 1431 pudore

193 1433 360 1477 adducti,
382 1440 426 1470 ut
445 1433 594 1470 timoris
624 1434 882 1482 suspicionem
916 1434 1096 1479 vitarent,
1126 1437 1390 1473 remanebant.

195 1486 252 1522 Hi
280 1499 406 1534 neque
443 1487 594 1523 vultum
627 1488 786 1536 fingere,
826 1499 951 1536 neque
989 1488 1185 1525 interdum
1213 1489 1390 1526 lacrimas

194 1547 326 1577 tenere
347 1546 539 1588 poterant:
559 1540 680 1577 abditi
700 1541 740 1576 in
767 1541 1027 1578 tabernaculis
1048 1547 1114 1578 aut
1134 1554 1245 1579 suum
1266 1538 1389 1579 fatum

194 1595 467 1642 querebantur,
498 1600 565 1630 aut
584 1606 672 1631 cum
691 1594 948 1631 familiaribus
968 1595 1047 1631 suis
1067 1608 1269 1633 commune
1289 1596 1390 1644 peri-

195 1648 324 1683 culum
354 1647 648 1684 miserabantur.
707 1647 839 1696 Vulgo
869 1648 961 1685 totis
994 1649 1130 1685 castris
1162 1655 1393 1686 testamenta

196 1701 511 1749 obsignabantur.
571 1701 722 1737 Horum
754 1702 912 1738 vocibus
941 1714 984 1738 ac
1022 1703 1160 1739 timore.
1189 1703 1390 1750 paullatim

197 1755 312 1790 etiam
332 1755 372 1798 ii,
394 1755 461 1802 qui
480 1767 662 1802 magnum
682 1755 722 1790 in
737 1755 869 1791 castris
890 1768 998 1791 usum
1021 1755 1225 1799 habebant,
1249 1756 1390 1792 milites

198 1808 529 1854 centurionesque,
563 1808 707 1856 quique
737 1808 926 1856 equitatui
955 1815 1156 1857 praeerant,
1188 1810 1390 1856 perturba-

196 1863 350 1898 bantur.
410 1859 486 1906 Qui
507 1873 547 1898 se
567 1874 616 1898 ex
646 1863 705 1898 his
727 1862 853 1899 minus
874 1862 1027 1898 timidos
1047 1862 1261 1899 existimari
1283 1863 1388 1899 vole-

198 1916 303 1959 bant,
327 1927 402 1951 non
423 1927 463 1951 se
490 1915 641 1951 hostem
674 1915 812 1960 vereri,
848 1915 914 1952 sed
946 1916 1143 1964 angustias
1176 1916 1327 1952 itineris
1353 1922 1393 1952 et

198 1968 505 2016 magnitudinem
534 1969 731 2012 silvarum,
762 1982 846 2016 quac
865 1969 1148 2005 intercederent
1167 1969 1270 2005 inter
1288 1970 1393 2017 ipsos

199 2028 314 2070 atque
353 2020 608 2065 Ariovistum,
649 2029 714 2058 aut
758 2035 839 2058 rem
876 2021 1180 2064 frumentariam,
1221 2028 1264 2059 ut
1296 2022 1392 2059 satis

199 2075 396 2111 commode
417 2076 634 2124 supportari
671 2081 808 2123 posset,
831 2075 966 2111 timere
981 2076 1171 2112 dicebant.
1202 2075 1392 2113 Nonnulli

199 2129 315 2164 etiam
353 2128 496 2165 Caesari
529 2129 821 2172 renunciabant,
856 2141 974 2177 quum
1009 2135 1134 2166 castra
1168 2130 1315 2166 moveri
1348 2141 1392 2165 ac

200 2182 312 2230 signa
330 2181 424 2217 ferri
457 2181 649 2229 jussisset,
684 2194 762 2218 non
796 2181 878 2218 fore
909 2182 1012 2219 dicto
1032 2183 1232 2219 audientes
1252 2182 1391 2219 milites

199 2247 270 2271 nec
292 2240 450 2282 propter
471 2235 644 2272 timorem
666 2236 778 2283 signa
804 2235 962 2272 laturos.

253 2287 342 2324 XL.
376 2288 472 2324 Haec
492 2300 610 2335 quum
629 2288 974 2333 animadvertisset,
1000 2295 1210 2326 convocato
1229 2288 1390 2326 consilio

199 2341 448 2388 omniumque
476 2342 653 2377 ordinum
689 2342 735 2378 ad
765 2342 804 2377 id
834 2343 1035 2379 consilium
1056 2343 1238 2379 adhibitis
1258 2347 1392 2379 centu--

199 2395 384 2439 rionibus,
403 2395 651 2431 vehementer
681 2407 744 2431 eos
764 2395 973 2432 incusavit:
1003 2396 1181 2444 primum,
1204 2395 1305 2444 quod
1324 2401 1392 2431 aut

199 2460 312 2495 quam
334 2448 371 2483 in
395 2455 553 2495 partem,
576 2455 640 2484 aut
662 2461 736 2496 quo
758 2449 916 2485 consilio
937 2450 1178 2493 ducerentur,
1201 2448 1271 2485 sibi
1289 2460 1392 2496 ‹pite-
