1496 2671
129 196 181 232 36
466 193 510 233 C.
540 194 695 234 JULII
724 194 986 234 CAESARIS

130 301 209 338 Per
228 313 359 339 eorum
381 313 541 350 corpora
568 302 735 351 reliquos
768 303 1021 341 audacissime
1050 303 1216 342 transire
1235 316 1327 343 con-

131 360 240 392 antes
277 355 526 392 multitudine
563 357 729 393 telorum
766 357 1010 405 repulerunt3
1055 358 1212 406 primos,
1260 358 1330 407 qui

130 409 378 454 transierant,
400 409 575 457 equitatu
595 411 880 448 circumventos
899 410 1193 448 interfecerunt.
1223 411 1330 448 Hos-

131 467 189 499 tes
210 462 276 499 ubi
298 467 336 499 et
355 463 402 500 de
430 464 689 512 expugnando
717 464 858 512 oppido
877 469 916 501 et
935 464 982 501 de
1001 464 1161 502 flumine
1180 471 1329 503 transe-

132 516 235 553 undo
256 528 363 564 spem
384 528 424 553 se
452 516 634 554 fefellisse
663 517 954 562 intellexerunt,
975 530 1100 567 neque
1119 524 1268 556 nostros
1287 519 1329 555 in

131 569 259 606 locum
297 569 530 618 iniquiorem
566 571 745 620 progredi
776 570 976 619 pugnandi
995 569 1113 609 causa
1133 572 1328 617 viderunt,

132 629 247 671 atque
285 623 388 671 ipsos
426 636 487 661 res
525 623 779 661 frumentaria
810 624 974 661 deficere
1004 626 1131 673 coepit,
1166 625 1329 663 concilio

132 682 346 714 convocato
379 677 665 715 constituerunt
694 677 883 726 optimum
917 689 1010 722 esse,
1045 678 1201 716 domum
1221 691 1330 716 suam

132 742 323 779 quemque
343 731 499 776 reverti,
522 736 560 768 et
591 744 757 779 quorum
789 731 831 767 in
860 730 956 767 fines
975 731 1145 780 primum
1165 732 1329 770 Romani

133 784 350 821 exercitum
377 784 701 830 introduxissent,
730 785 777 820 ad
798 796 862 821 eos
881 782 1141 823 defendendos
1160 785 1332 834 undique

132 837 404 881 convenirent3
433 844 476 874 ut
505 838 633 886 potius
656 838 697 873 in
726 837 806 874 suis
835 850 951 886 quam
969 839 1011 875 in
1031 839 1169 876 alienis
1188 839 1332 876 finibus

135 891 377 928 decertarent
406 897 444 928 et
464 892 682 928 domesticis
702 892 822 940 copiis
852 891 910 928 rei
935 890 1199 930 frumentariae
1227 898 1332 930 uter-

133 950 259 980 entur.
317 944 383 980 Ad
414 957 497 981 eam
533 946 763 982 sententiam
794 957 881 982 cum
912 945 1072 995 reliquis
1105 945 1230 983 causis
1249 946 1332 983 haec

133 1009 287 1046 quoque
320 997 420 1034 ratio
456 1010 520 1035 eos
558 998 735 1044 deduxit,
773 999 880 1047 quod
929 997 1171 1036 Divitiacum
1217 1004 1333 1049 atque

134 1050 288 1088 AEduos
334 1051 479 1088 finibus
515 1051 810 1089 Bellovacorum
845 1053 1155 1102 appropinquare
1191 1065 1332 1103 cogno-

134 1111 283 1142 verant.
342 1104 417 1142 His
439 1106 673 1154 persuaderi,
704 1114 748 1143 ut
777 1106 924 1143 diutius
945 1111 1189 1144 morarentur
1208 1119 1333 1156 neque

135 1158 215 1195 suis
236 1158 427 1195 auxilium
447 1158 606 1203 ferrent,
628 1172 703 1196 non
725 1165 886 1208 poterat.

188 1211 265 1249 XI.
296 1209 357 1249 Ε-ἲι
386 1213 685 1258 reconstituta,
717 1210 884 1250 secunda
917 1211 1052 1263 vigilia
1079 1226 1220 1262 magno
1244 1226 1332 1251 cum

137 1266 300 1314 strepitu
331 1278 374 1303 ac
403 1266 574 1303 tumultu
605 1266 742 1303 castris
772 1267 928 1315 egressi,
950 1267 1056 1305 nullo
1076 1274 1178 1305 certo
1197 1267 1333 1304 ordine

134 1331 261 1367 neque
298 1318 474 1367 imperio,
509 1332 631 1368 quum
669 1320 744 1357 sibi
777 1319 942 1368 quisque
975 1320 1144 1369 primum
1181 1320 1334 1357 itineris

134 1372 263 1409 locum
283 1378 432 1421 peteret
450 1379 488 1410 et
504 1374 657 1410 domum
676 1373 880 1422 pervenire
893 1379 1128 1423 properaret,
1144 1373 1332 1416 fecerunt,

135 1431 178 1462 ut
199 1426 410 1463 consimilis
430 1425 534 1475 fugae
553 1426 740 1475 profectio
759 1427 971 1464 videretur.
1029 1425 1116 1464 Hac
1139 1440 1181 1465 re
1204 1427 1335 1464 statim

137 1479 270 1517 Caesar
289 1492 358 1528 per
387 1480 645 1528 speculatores
674 1478 841 1529 cognitu,
862 1481 1022 1518 insidias
1051 1480 1210 1527 veritus,
1232 1480 1336 1529 quod

136 1535 215 1582 qua,
235 1532 281 1570 de
301 1531 417 1570 causa
437 1533 689 1579 discederent,
710 1535 881 1571 nondum
900 1539 1164 1583 perspexerat,
1185 1533 1336 1572 exerci-

135 1592 218 1623 tum
239 1587 531 1635 equitatumque
551 1587 688 1625 castris
707 1587 909 1625 continuit.
967 1587 1103 1625 Prima
1124 1587 1222 1633 lucc,
1243 1600 1336 1625 con-

135 1637 289 1677 firmat-92
316 1652 359 1677 re
389 1641 437 1677 ab
467 1641 791 1690 exploratoribus,
827 1653 979 1679 omnem
1009 1641 1237 1689 equitatum,
1267 1641 1335 1691 qui

135 1694 390 1731 novissimum
437 1706 577 1743 agmen
629 1700 859 1740 moraretur,
906 1694 1105 1744 praemisit.
1164 1694 1239 1732 His
1287 1693 1334 1741 Q.

136 1746 302 1784 Pedium
322 1753 361 1784 et
381 1747 427 1784 L.
449 1748 764 1786 Aurunculeium
785 1747 941 1786 Cottam
963 1748 1109 1797 legatos
1132 1747 1306 1797 praefecit
1325 1761 1334 1784 ε

137 1800 185 1837 Τ.
213 1800 431 1838 Labienum
459 1801 631 1850 legatum
659 1814 747 1839 cum
772 1801 989 1852 legionibus
1007 1802 1133 1839 tribus
1153 1801 1337 1851 subsequi

130 1853 264 1902 jussit.
321 1854 377 1891 Hi
405 1855 636 1893 novissimos
665 1855 792 1892 adorti
814 1860 853 1893 et
872 1854 994 1892 multa
1011 1855 1134 1892 millia
1153 1867 1337 1904 passuum

136 1908 342 1956 prosecuti,
354 1921 531 1957 magnam
548 1909 836 1946 multitudinem
853 1921 985 1946 eorum
996 1907 1232 1957 fugientium
1245 1920 1336 1945 con·

137 1961 326 2006 ciderunt,
348 1975 468 2010 quum
502 1963 550 1999 ab
582 1967 757 2000 extremo
787 1962 953 2011 agmine,
982 1962 1030 1999 ad
1054 1974 1151 2010 quos
1172 1958 1336 1999 ventum

137 2020 231 2060 erat,
253 2016 508 2053 consisterent
528 2015 758 2064 fortiterque
781 2017 968 2064 impetum
994 2021 1215 2053 nostrorum
1234 2014 1336 2051 mili-

137 2074 220 2104 tum
241 2069 495 2113 sustinerent3
516 2069 663 2118 priores
684 2069 804 2119 (quod
824 2070 957 2106 abesse
977 2081 999 2105 a
1013 2068 1185 2118 periculo
1205 2068 1335 2106 vider-

137 2127 262 2166 entur,
285 2134 410 2170 neque
429 2120 509 2160 ulla
528 2123 756 2160 necessitate
775 2135 900 2171 neque
914 2122 1077 2171 imperio
1090 2122 1335 2159 contineren-

137 2175 233 2223 tur),
256 2175 440 2213 exaudito
460 2176 637 2221 clamore,
657 2176 890 2224 perturbatis
910 2176 1123 2220 ordinibus,
1142 2188 1275 2213 omnes
1293 2175 1335 2212 in

137 2225 232 2276 fuga
261 2228 334 2265 sibi
367 2229 592 2277 praesidium
619 2235 822 2278 ponerent.
879 2229 942 2266 Ita
964 2230 1047 2267 sine
1066 2228 1335 2278 ullo-periculo

137 2287 285 2318 tantam
305 2294 438 2319 eorum
458 2282 746 2320 multitudinem
765 2282 886 2319 nostri
907 2282 1196 2328 interfecerunt,
1212 2294 1335 2330 quan-

137 2341 221 2371 tum
249 2334 325 2371 fuit
357 2335 432 2374 diei
464 2335 656 2385 spatium:
696 2336 767 2373 sub
804 2348 1057 2385 occasumque
1094 2336 1186 2373 solis
1226 2334 1335 2383 sequi

138 2388 371 2425 destiterunt
426 2401 544 2438 seque
588 2389 628 2425 in
674 2395 810 2436 castra,
861 2395 903 2427 ut
948 2395 1031 2428 erat
1084 2390 1330 2439 imperatum,

138 2448 379 2493 receperunt.
