1496 2671
160 202 209 238 52
508 200 553 238 C.
582 201 736 239 -JULII
766 201 1024 241 CAESARIS

214 308 327 345 XIII
356 307 536 356 Namque
557 308 728 356 ipsorum
749 321 867 347 naves
888 311 935 347 ad
954 310 1058 347 hunc
1073 310 1228 347 modum
1247 310 1360 348 factae

160 369 393 410 armataeque
422 368 543 398 erant.
602 361 755 400 Carinae
784 364 979 412 aliquanto
1008 364 1211 412 planiores,
1242 377 1358 413 quam

160 423 380 453 nostrarum
399 416 572 461 navium,
594 428 669 463 quo
687 416 839 454 facilius
860 418 958 454 vada
973 431 1016 454 ac
1032 418 1229 455 decessum
1243 418 1359 455 aestfis

160 470 341 518 excipere
360 476 540 518 possent:
567 482 690 518 prorae
724 471 929 507 admodum
949 478 1085 508 erectae
1118 479 1234 520 atque
1263 472 1358 508 item

159 536 319 572 puppes,
343 523 389 560 ad
410 523 716 572 magnitudinem
731 525 920 561 fluctuum
936 531 1282 573 tempestatumque
1295 538 1358 562 ac-

159 578 386 620 comodatae3
405 589 524 614 naves
536 582 626 613 totae
641 576 755 614 factoe
763 591 813 615 ex
825 579 973 622 robore,
985 579 1033 615 ad
1045 578 1222 626 quamvis
1232 579 1309 615 vim
1321 585 1360 616 et

158 631 430 667 contumeliam
445 629 710 678 perferendam
730 646 740 674 3
763 638 930 668 transtra
951 631 1150 678 pedalibus
1168 632 1209 667 in
1225 632 1358 669 latitu-

158 685 287 721 dinem
326 684 501 721 trabibus
531 685 684 721 confixa
717 684 838 721 clavis
869 684 1017 729 ferreis,
1057 685 1170 733 digiti
1208 685 1359 734 pollicis

158 738 414 775 crassitudine
435 753 445 781 3
466 750 626 783 ancorae,
655 751 726 786 pro
755 738 925 782 funibus,
956 738 1093 775 ferreis
1122 739 1268 776 catenis
1296 751 1356 776 re·

157 791 299 828 vinctae
318 806 327 835 ς
346 791 465 840 pelles
495 804 564 839 pro
593 791 702 836 velis,
738 791 928 840 alutaeque
956 792 1128 828 tenuiter
1160 791 1356 838 confeetae,

157 846 241 882 sive
260 853 417 894 propter
436 845 506 880 lini
526 845 693 892 inopiam
723 851 838 893 atque
867 844 949 892 ejus
980 845 1073 883 usus
1101 845 1356 892 inscientiam,

158 899 241 936 sive
261 911 319 943 e0,
338 899 440 947 quod
461 904 519 935 est
539 899 662 946 magis
683 898 902 943 verisimile,
925 899 1025 946 quod
1043 905 1172 936 tantas
1190 905 1358 948 tempes-

156 959 256 990 tates
277 951 422 990 Oceani
442 957 646 1000 tantosque
665 952 833 1000 impetus
852 959 1059 989 ventorum
1087 953 1284 998 sustineri,
1314 965 1358 990 ac

155 1012 265 1043 tanta
285 1018 402 1043 onera
420 1006 578 1041 navium
600 1006 683 1054 regi
702 1006 798 1042 velis
819 1018 896 1042 non
915 1007 1009 1043 satis
1028 1006 1226 1043 commode
1253 1006 1358 1043 arbi-

156 1061 374 1097 trabantur.
433 1058 534 1095 Cum
567 1059 627 1095 his
656 1060 821 1096 navibus
854 1065 994 1096 nostrae
1024 1059 1137 1097 classi
1169 1058 1359 1107 ejusmodi

157 1126 386 1163 congressus
406 1120 500 1157 erat,
530 1119 574 1149 ut
607 1110 685 1150 una
715 1113 913 1150 celeritate
945 1120 984 1151 et
1016 1113 1129 1162 pulsu
1162 1125 1359 1151 remorum

155 1173 368 1216 praestaret,
390 1166 549 1215 reliqua,
572 1179 642 1215 pro
663 1167 734 1204 loci
755 1164 904 1211 natura,
927 1180 996 1215 pro
1017 1167 1056 1204 vi
1070 1173 1356 1216 tempestatum,

155 1222 233 1258 illis
253 1226 382 1258 essent
401 1222 551 1269 aptiora
578 1227 617 1257 et
650 1220 953 1257 accomodatiora
969 1232 979 1267 3
1008 1233 1133 1268 neque
1166 1220 1270 1257 enim
1297 1220 1358 1257 his

156 1281 296 1311 nostrae
306 1281 429 1311 rostro
446 1286 582 1311 nocere
597 1280 788 1322 poterant3
805 1274 961 1310 tantain
977 1274 1032 1311 eis
1047 1279 1130 1311 erat
1143 1273 1357 1310 firmitudo:

157 1341 282 1378 neque
310 1334 468 1377 propter
487 1328 730 1364 altitudinem
750 1327 862 1365 facile
883 1328 1003 1364 telum
1022 1327 1289 1375 adjiciebatur,
1318 1332 1358 1364 et

156 1380 289 1420 eadem
323 1382 371 1418 de
400 1383 515 1418 causa
548 1381 676 1417 minus
709 1382 906 1418 commode
937 1381 1086 1430 copulis
1106 1381 1358 1418 contineban-

156 1443 232 1473 tur.
291 1434 513 1472 Accedebat
543 1441 596 1480 ut,
625 1447 745 1483 quum
774 1435 910 1472 saevire
934 1441 1078 1472 ventus
1111 1434 1288 1483 coepisset
1320 1441 1359 1472 et

155 1502 196 1527 se
216 1495 334 1526 vento
353 1488 559 1533 dedissent,
582 1494 620 1525 et
646 1494 914 1536 tempestatem
942 1488 1091 1526 ferrent
1122 1487 1285 1530 facilius,
1319 1494 1358 1525 et

154 1544 197 1580 in
219 1543 326 1580 vadis
346 1542 601 1579 consisterent
621 1543 757 1586 tutius,
778 1550 816 1579 et
836 1544 884 1580 ab
904 1549 998 1579 aestu
1019 1542 1223 1588 derelictae,
1260 1541 1359 1578 nihil

156 1609 251 1634 saxa
271 1603 308 1633 et
328 1602 460 1633 cautes
480 1596 663 1633 timerent
682 1609 691 1632 :
712 1609 876 1644 quarum
904 1609 1036 1633 rerum
1065 1596 1238 1632 omnium
1267 1607 1358 1632 nos·

154 1650 228 1688 tris
247 1650 412 1687 navibus
432 1662 542 1687 casus
563 1656 673 1686 erant
693 1650 982 1687 extimescendi.

211 1703 330 1740 XIV.
362 1703 636 1752 Compluribus
665 1704 900 1752 expugnatis
931 1703 1095 1752 oppidis,
1128 1700 1259 1739 Caesar
1290 1701 1358 1738 ubi

155 1757 364 1803 intellexit,
385 1757 532 1794 frustra
551 1763 703 1794 tantum
722 1758 892 1795 laborem
913 1757 1024 1800 sumi,
1046 1768 1171 1804 neque
1186 1755 1357 1793 hostium

154 1812 288 1860 fugam
309 1811 431 1860 captis
452 1811 604 1860 oppidis
633 1811 804 1860 reprimi,
836 1823 961 1858 neque
982 1811 1042 1847 his
1071 1809 1203 1847 noceri
1232 1821 1356 1858 posse,

157 1867 294 1902 statuit
314 1865 611 1913 exspectandam
640 1865 811 1902 classem.
873 1863 968 1910 Quae
1003 1863 1070 1900 ubi
1101 1863 1284 1900 convenit
1313 1874 1357 1900 ac

155 1920 324 1968 primum
346 1920 393 1955 ab
426 1919 602 1955 hostibus
634 1919 719 1955 visa
739 1927 796 1956 est
816 1932 824 1955 ε
856 1918 1011 1956 circiter
1046 1916 1204 1955 CCXX
1237 1928 1357 1954 naves

155 1985 288 2010 eorum
309 1972 562 2021 paratissimae
580 1978 697 2021 atque
717 1973 820 2009 omni
849 1983 992 2021 genere
1019 1983 1213 2008 armorum
1242 1982 1357 2006 orna-

155 2027 327 2071 tissimae,
341 2025 522 2075 profectae
534 2039 584 2063 ex
604 2033 714 2074 portu
726 2026 868 2063 nostris
884 2026 1055 2062 adversae
1068 2025 1325 2061 constiterunt
1346 2038 1357 2067 ;

155 2090 280 2128 neque
302 2080 396 2117 satis
416 2078 550 2124 Bruto,
572 2080 639 2128 qui
660 2080 771 2117 classi
792 2085 966 2152 praeerat,
989 2078 1050 2115 vel
1070 2077 1240 2115 tribunis
1267 2077 1355 2113 mil-

155 2134 253 2170 itum
274 2133 654 2182 centurionibusque,
676 2134 818 2181 quibus
839 2133 964 2182 singul
969 2145 1000 2168 ae
1027 2144 1147 2169 naves
1166 2137 1277 2169 erant
1297 2137 1355 2168 at-

154 2189 327 2231 tributae,
352 2188 563 2231 constabat,
598 2187 692 2235 quid
726 2193 886 2235 agerent
899 2165 985 2223 eant
1018 2198 1133 2234 quam
1165 2184 1356 2222 rationem

155 2253 294 2290 pugnae
314 2241 549 2277 insisterent.
608 2219 772 2277 Rostro⁰
768 2241 870 2277 enim
891 2240 1019 2277 noceri
1040 2251 1116 2275 non
1137 2250 1246 2286 posse
1266 2250 1356 2286 cog-

154 2300 375 2337 noverant3
395 2294 570 2330 turribus
591 2301 719 2330 autem
740 2294 931 2338 excitatis,
953 2300 1081 2330 tamen
1102 2293 1170 2329 has
1191 2291 1355 2328 altitudo

156 2348 344 2396 puppium
359 2360 409 2384 ex
423 2347 596 2384 barbaris
610 2348 775 2384 navibus
795 2349 1010 2396 superabat,
1031 2353 1074 2383 ut
1093 2358 1218 2393 neque
1230 2357 1280 2382 ex
1293 2344 1355 2380 in·

154 2401 294 2439 feriore
313 2402 396 2438 loco
415 2401 508 2437 satis
527 2401 723 2438 commode
744 2401 820 2438 tela
841 2401 968 2448 adjiici
992 2407 1160 2448 possent,
1181 2404 1220 2436 et
1239 2398 1356 2435 missa

154 2457 202 2492 ab
225 2454 351 2493 Gallis
369 2454 529 2504 gravius
562 2455 791 2493 acciderent.
852 2456 942 2493 Una
978 2460 1061 2492 crat
1094 2465 1234 2502 magno
1267 2451 1354 2489 usui
