1496 2671
196 171 243 206 ΞΘ
529 169 575 207 C.
605 169 758 207 JULII
788 169 1046 209 GAESARIS

241 275 427 313 XXVII.
460 275 650 322 Helvetii,
688 277 859 314 omnium
890 291 1020 316 rerum
1050 279 1182 328 inopia
1214 279 1384 327 adducti,

192 329 337 379 legatos
357 330 404 366 de
423 329 619 366 deditione
638 330 686 367 ad
705 343 793 368 eum
806 331 1006 369 miserunt,
1065 331 1143 379 Qui
1159 346 1279 382 quum
1295 346 1386 372 eum

189 383 230 419 in
268 383 408 420 itinere
438 383 722 429 convenissent,
756 397 872 434 seque
905 385 953 422 acl
985 386 1101 434 pedes
1132 386 1386 436 projecissent

188 436 493 486 suppliciterque
511 436 629 474 locuti
647 436 784 475 flentes
805 450 936 486 pacem
955 440 1151 487 petissent,
1185 446 1301 489 atque
1320 452 1385 478 eos

189 490 230 525 in
250 502 294 526 eo
314 490 408 534 loco,
429 502 506 538 quo
525 496 608 526 tum
627 496 765 535 essent,
797 504 908 528 suum
928 492 1138 530 adventum
1158 499 1385 543 exspectare

181 542 376 591 jussisset,
412 549 636 592 paruerunt.
693 544 752 581 Eo
789 551 992 593 postquam
1023 545 1153 583 Caesar
1190 547 1385 596 pervenit,

189 597 353 642 obsides,
375 609 491 641 arma,
513 609 654 642 servos,
677 598 744 646 qui
761 599 809 634 ad
824 610 888 635 eos
903 598 1174 647 perfugissent,
1195 600 1385 649 poposcit.

191 649 297 686 Dum
317 662 361 687 ea
379 650 660 698 conquiruntur
680 657 718 687 et
737 650 1001 696 conferuntur,
1022 658 1134 689 nocte
1152 653 1384 699 intermissa,

189 704 345 741 circiter
372 704 571 741 hominum
600 704 720 741 millia
739 704 802 741 VI
830 703 913 752 ejus
941 705 1043 754 pagi,
1071 706 1138 753 qui
1157 706 1386 756 Urbigenus

189 757 416 806 appellatur,
452 757 535 794 sive
567 757 706 794 timore
738 758 965 806 perterritti,
999 771 1048 796 ne
1080 759 1196 797 armis
1229 759 1385 797 traditis

189 810 378 859 supplicio
399 810 651 855 afficerentur,
674 810 756 848 sive
775 823 843 859 spe
861 811 996 849 salutis
1021 811 1182 858 inducti,
1213 814 1317 862 quod
1343 813 1387 850 in

189 862 298 903 tanta
318 864 566 901 multitudine
585 863 850 901 dedititiorum
871 876 980 902 suam
1000 864 1135 913 fugam
1163 872 1229 903 aut
1256 866 1385 904 occul-

190 917 278 962 tari,
312 923 380 954 aut
410 917 566 954 omnino
596 917 769 966 ignorari
801 930 912 966 posse
945 918 1226 967 existimarent,
1259 917 1387 969 prima.

188 977 301 1008 nocte
314 983 364 1007 ex
382 970 518 1008 castris
539 969 812 1008 Helvetiorum
831 971 988 1020 egressi,
1004 972 1053 1010 ad
1072 972 1254 1010 Rhenum
1268 973 1385 1011 fines-

189 1036 265 1073 que
286 1022 572 1061 Germanorum
592 1024 886 1061 contenderunt.

243 1077 453 1114 XXVIII.
487 1076 602 1123 Quod
621 1078 688 1114 ubi
710 1077 838 1116 Caesar
857 1077 1000 1124 resciit,
1017 1091 1182 1128 quorum
1201 1091 1271 1129 per
1289 1080 1387 1117 fines

190 1131 330 1176 ierant,
358 1131 419 1168 his
448 1131 505 1168 uti
534 1131 806 1180 conquirerent
831 1137 869 1169 et
887 1132 1128 1177 reducerent,
1150 1133 1182 1170 si
1201 1133 1275 1170 sibi
1292 1146 1388 1183 pur-

189 1185 271 1233 gati
288 1197 369 1222 esse
384 1184 541 1230 vellent,
556 1185 779 1233 imperavit3
798 1185 977 1222 reductos
989 1185 1032 1221 in
1044 1185 1213 1223 hostium
1225 1199 1387 1226 numero

191 1237 342 1275 habuit:
371 1238 540 1287 reliquos
559 1250 690 1276 omnes
710 1238 921 1284 obsidibus,
949 1239 1078 1284 armis,
1108 1239 1282 1289 perfugis
1304 1246 1386 1280 tra·

190 1291 293 1336 ditis,
332 1292 374 1328 in
412 1291 647 1329 deditionem
692 1292 850 1340 accepit.
927 1291 1142 1337 Helvetios,
1182 1293 1384 1343 Tulingos,

190 1345 423 1394 Latobrigos
453 1345 494 1381 in
523 1346 620 1382 fines
651 1357 749 1390 suos,
784 1345 886 1382 unde
916 1350 1027 1382 erant
1045 1345 1219 1394 profecti,
1240 1348 1387 1385 reverti

184 1397 315 1446 jussit,
348 1405 387 1435 et
406 1398 507 1446 quod
536 1398 714 1436 omnibus
743 1397 936 1436 fructibus
970 1399 1121 1436 amissis
1152 1399 1256 1436 domi
1287 1401 1387 1438 nihil

190 1458 285 1497 erat,
306 1464 382 1500 quo
401 1451 530 1489 famen
550 1452 772 1497 tolerarent,
793 1451 1074 1500 Allobrogibus
1093 1452 1312 1501 imperavit,
1341 1461 1386 1492 ut

190 1505 251 1542 his
283 1504 470 1542 frumenti
502 1505 652 1554 copiam
682 1504 870 1543 facerent:
898 1505 1002 1554 ipsos
1030 1506 1172 1555 oppida
1190 1506 1384 1557 vicosque,

188 1571 286 1607 quos
304 1559 570 1604 incenderant,
588 1558 794 1596 restituere
816 1557 947 1607 jussit.
1004 1559 1053 1596 Id
1072 1561 1118 1597 ea
1136 1559 1305 1599 maxime
1323 1573 1386 1599 ra-

190 1613 296 1650 tione
314 1611 418 1658 fecit,
439 1612 543 1661 quod
561 1611 686 1650 noluit
705 1624 794 1650 eum
812 1613 952 1658 locum,
981 1613 1084 1651 unde
1103 1613 1280 1652 Helvetii
1306 1614 1386 1652 dis-

190 1672 396 1710 cesserant,
417 1678 557 1703 vacare
564 1680 575 1710 3
603 1678 652 1703 ne
670 1672 830 1716 propter
848 1666 1061 1704 bonitatem
1079 1678 1262 1715 agrorum
1283 1666 1386 1706 Ger·

190 1719 307 1764 mani,
339 1719 406 1768 qui
437 1725 545 1756 trans
576 1719 757 1756 Rhenum
789 1719 974 1765 incolunt,
1008 1732 1030 1757 e
1057 1720 1136 1757 suis
1168 1720 1311 1758 finibus
1342 1721 1386 1758 in

193 1772 465 1810 Helvetiorum
483 1773 581 1810 fines
607 1773 817 1810 transirent
836 1779 875 1810 et
893 1773 1050 1809 finitimi
1070 1772 1209 1810 Galliae
1228 1773 1386 1822 provin-

191 1827 260 1864 eiae
275 1826 630 1875 Allobrogibusque
645 1832 787 1864 essent.
841 1826 971 1872 Boios,
987 1827 1211 1876 petentibus
1226 1826 1383 1873 AEduis,

191 1880 294 1929 quod
313 1880 472 1929 egregia
491 1880 636 1918 virtute
668 1886 778 1918 erant
809 1880 967 1929 cogniti,
999 1885 1043 1917 ut
1060 1880 1102 1916 in
1133 1880 1277 1918 finibus
1306 1881 1386 1919 suis

190 1934 436 1980 collocarent,
455 1934 658 1972 concessit:
686 1933 828 1982 quibus
846 1934 904 1971 illi
920 1946 1032 1982 agros
1045 1933 1247 1979 dederunt,
1268 1946 1385 1982 quos-

192 2000 267 2035 que
290 1993 423 2036 postea
450 1988 490 2024 in
519 2000 652 2037 parem
678 1986 782 2035 juris
813 1987 1081 2036 libertatisque
1111 1987 1383 2034 conditionem,

192 2048 308 2090 atque
326 2041 399 2089 ipsi
419 2048 540 2087 erant,
561 2047 805 2091 receperunt.

243 2093 410 2132 XXIX.
440 2093 487 2131 In
506 2095 642 2133 castris
663 2094 934 2132 Helvetiorum
952 2094 1094 2132 tabulae
1111 2098 1275 2143 repertae
1294 2099 1386 2132 sunt

191 2147 315 2184 literis
335 2146 480 2186 Graeeis
500 2148 694 2194 confectae,
724 2154 764 2186 et
782 2148 830 2186 ad
850 2147 1044 2186 Caesarem
1072 2147 1215 2194 relatae,
1243 2147 1385 2196 quibus

191 2200 233 2237 in
261 2201 404 2238 tabulis
430 2202 658 2239 nominatim
686 2202 786 2239 ratio
804 2201 978 2239 confecta
997 2208 1092 2248 erat,
1112 2201 1180 2251 qui
1199 2212 1384 2239 numerus

192 2254 306 2291 domo
324 2255 469 2293 exisset-
487 2268 631 2301 eorum,
653 2255 721 2305 qui
752 2268 858 2292 arma
891 2255 992 2293 ferre
1021 2260 1192 2305 possent:
1222 2261 1261 2292 et
1290 2255 1384 2292 item

193 2308 401 2356 separatim
446 2309 569 2358 pueri,
607 2321 728 2354 senes,
767 2309 1037 2370 mulieresque.
1095 2307 1271 2355 Quarum
1302 2319 1382 2345 om-

192 2361 302 2398 nium
328 2374 458 2399 rerum
478 2375 628 2400 summa
647 2369 740 2408 erat,
770 2363 941 2412 capitum
970 2362 1244 2401 Helvetiorum
1261 2360 1384 2398 millia

194 2413 423 2462 CCLXIII,
445 2415 702 2465 Tulingorum
722 2416 843 2455 millia
863 2415 1067 2463 XXXVI,
1089 2414 1383 2465 Latobrigorum
