1496 2671
554 142 870 179 HANNIBAL.
1260 141 1311 180 47

119 251 309 288 sustinere
329 261 404 286 non
425 254 562 298 posset,
584 246 678 297 fuga
697 248 859 285 salutem
880 249 993 297 petiit
1011 263 1021 293 ;
1041 260 1155 298 quam
1177 260 1311 285 conse-

118 312 230 341 cutus
249 316 325 340 non
347 309 457 348 esset,
478 303 552 339 nisi
572 303 675 339 intra
695 314 763 339 sua
793 303 984 349 praesidia
1015 315 1056 339 se
1088 302 1310 350 recepisset,

115 370 213 406 quae
231 357 272 393 in
293 357 469 405 proximo
488 355 620 393 littore
636 362 745 393 erant
759 355 956 392 collocata.
1012 355 1201 403 Reliquae
1219 354 1312 392 Per-

115 423 300 459 gamenae
319 422 449 454 naves,
470 422 588 458 quum
608 409 848 446 adversarios
861 415 1080 457 premerent
1095 409 1234 454 aerius,
1250 421 1312 446 re-

115 469 230 512 pente
248 464 290 500 in
309 476 373 500 eas
392 475 485 500 vasa
503 463 638 500 fictilia
658 463 724 511 (de
753 463 894 511 quibus
927 474 1044 510 supra
1076 462 1311 509 mentionem

117 515 298 566 fecimus)
318 515 455 564 conjici
476 522 610 565 coepta
628 523 729 553 sunt.
789 514 897 561 Quae
911 515 1017 564 jacta
1042 516 1154 552 initio
1187 516 1311 554 risum

115 571 380 619 pugnantibus
399 568 631 613 excitarunt,
653 582 788 618 neque,
810 581 930 618 quare
948 569 989 605 id
1007 569 1128 614 fieret,
1160 576 1312 618 poterat

116 623 295 673 intelligi.
352 624 563 673 Postquam
582 629 710 661 autem
729 636 848 660 naves
868 623 1075 671 completas
1095 635 1310 672 conspexe-

115 683 208 713 runt
227 677 482 726 serpentibUS,
504 680 606 714 nova
626 690 668 714 re
688 676 897 725 perterriti,
919 689 1053 724 quum,
1073 676 1166 724 quid
1193 677 1313 725 potis-

115 731 255 767 simum
276 732 454 776 vitarent,
482 744 558 768 non
588 731 776 775 viderent,
807 742 955 778 puppes
983 736 1221 775 averterunt,
1253 743 1312 767 se-

114 796 190 832 que
217 785 265 821 ad
285 797 353 821 sua
380 790 507 822 castra
538 785 693 821 nautica
722 784 951 822 retulerunt.
1010 782 1075 821 Sic
1111 783 1311 821 Hannibal

116 838 276 875 consilio
296 850 402 875 arma
423 837 744 887 Pergamenorum
767 837 965 886 superavit
986 849 1136 885 ;neque
1154 843 1237 873 tum
1252 850 1312 874 so-

114 891 206 936 lum,
229 892 295 929 sed
315 904 427 941 saepe
447 892 553 938 alias,
573 892 816 941 pedestribus
842 891 963 940 copiis
991 891 1076 939 pari
1104 891 1311 940 prudentia

115 945 264 994 pepulit
283 946 539 983 adversarios.

742 1031 794 1038 -ι

118 1083 219 1121 ΟΑΡ.
249 1084 352 1121 XII.
411 1083 613 1121 Hannibal
636 1084 818 1133 repetitus
840 1097 862 1121 a
881 1083 1079 1130 Romanis,
1098 1084 1133 1120 et
1151 1082 1312 1121 circum-

433 1149 570 1184 sessus,
589 1149 729 1174 veneno
745 1138 862 1175 vitam
879 1135 992 1187 finit.

171 1211 292 1258 QUAE
320 1213 413 1249 dum
440 1212 481 1249 in
508 1212 606 1250 Asia
625 1219 826 1262 geruntur,
848 1213 990 1250 accidit
1005 1225 1108 1258 casu,
1129 1219 1173 1250 ut
1193 1213 1311 1262 legati

114 1265 277 1303 Prusiae
297 1266 444 1304 Romae
463 1267 565 1315 apud
593 1267 640 1303 L.
663 1265 892 1312 Quinctium
927 1266 1191 1304 Flamininum
1219 1281 1310 1304 con-

115 1320 281 1357 sularem
310 1316 533 1363 coenarent;
567 1327 682 1369 atque
715 1321 769 1357 ibi
798 1321 846 1357 de
873 1321 1094 1357 Hannibale
1115 1321 1311 1358 mentione

115 1374 227 1418 facta,
249 1385 299 1410 ex
318 1374 379 1411 his
397 1386 497 1411 unus
518 1374 672 1419 diceret,
705 1387 792 1411 eum
811 1375 852 1410 in
872 1374 1035 1411 Prusiae
1062 1386 1184 1422 regno
1211 1387 1309 1412 esse:

116 1427 157 1463 id
176 1433 327 1475 postero
347 1427 408 1464 die
429 1427 674 1464 Flamininus
694 1429 845 1465 senatui
862 1427 1012 1464 detulit.
1069 1427 1208 1465 Patres
1220 1441 1310 1465 con-

116 1481 262 1529 scripti,
281 1480 359 1529 qui,
382 1479 601 1518 Hannibale
632 1482 734 1526 vivo,
757 1494 955 1529 nunquam
988 1493 1029 1518 se
1055 1481 1138 1518 sine
1158 1482 1310 1519 insidiis

115 1534 266 1571 futuros
299 1535 585 1580 existimabant,
607 1535 753 1584 legatos
781 1535 822 1572 in
853 1535 1082 1584 Bithyniam
1107 1535 1309 1580 miserunt,

115 1588 155 1623 in
188 1588 249 1624 his
282 1587 556 1632 Flamininum,
574 1589 640 1636 qui
675 1602 694 1625 a
722 1601 814 1637 rege
847 1595 1034 1637 peterent,
1058 1601 1105 1624 ne
1130 1589 1311 1626 inimicis-

112 1641 245 1677 simum
263 1653 372 1677 suum
391 1654 515 1678 seeum
535 1641 701 1687 haberet,
721 1642 868 1691 sibique
888 1642 1052 1678 dederet.
1109 1642 1184 1680 His
1209 1643 1313 1680 Pru-

115 1694 190 1731 sias
222 1707 364 1744 negare
383 1708 499 1732 ausus
531 1708 607 1732 non
629 1703 698 1732 est.
754 1696 858 1732 Illud
883 1695 1092 1741 recusavit,
1113 1707 1158 1732 ne
1176 1696 1256 1732 ida
1275 1709 1312 1733 se

103 1745 200 1796 fieri
211 1746 470 1797 postularent,
488 1748 588 1798 quod
605 1748 782 1786 adversus
800 1748 876 1798 jus
897 1748 1059 1798 hospitii
1075 1751 1193 1786 esset:
1219 1750 1313 1799 ipsi,

114 1801 151 1837 si
169 1803 336 1849 possent,
358 1801 701 1851 comprehenderent
714 1815 730 1849 ,⁸
763 1802 884 1839 locum
908 1802 975 1840 ubi
993 1804 1083 1839 esset
1105 1801 1230 1853 facile
1247 1804 1311 1840 in·

114 1857 302 1893 venturos.
361 1856 559 1893 Hannibal
579 1857 681 1893 enim
701 1857 876 1894 unoloco
892 1869 931 1893 se
948 1857 1103 1893 tenebat
1118 1857 1159 1892 in
1172 1859 1309 1895 castel-

114 1908 162 1952 lo,
183 1909 284 1957 quod
305 1909 339 1946 ei
359 1911 407 1947 ab
426 1922 517 1958 rege
537 1910 668 1947 datum
685 1917 768 1946 erat
782 1910 933 1947 muneri
950 1925 959 1953 ;
979 1910 1094 1957 idque
1108 1910 1163 1948 sio
1178 1912 1310 1948 aedifi-

116 1960 234 2008 carat,
254 1968 297 1999 ut
316 1963 354 1999 in
376 1964 555 2000 omnibus
574 1964 750 2012 partibus
781 1964 946 2001 aedificii
976 1964 1105 2000 exitus
1138 1963 1308 2010 haberet,

117 2027 266 2064 semper
294 2029 444 2062 verens,
480 2030 530 2054 ne
559 2030 632 2054 usu
664 2017 838 2055 eveniret
871 2017 972 2065 quod
1009 2017 1161 2054 accidit.
1220 2018 1311 2056 Huc

115 2081 235 2117 quum
270 2069 388 2118 legati
425 2071 687 2107 Romanorum
728 2071 938 2115 venissent,
979 2083 1022 2108 ac
1060 2071 1310 2109 multitudine

116 2123 271 2158 domum
300 2123 383 2170 ejus
412 2124 779 2168 circumdedissent3
807 2137 916 2173 puer,
939 2125 987 2161 ab
1009 2123 1134 2172 janua
1156 2126 1307 2174 prospi-

116 2176 232 2219 ciens,
264 2176 475 2214 Hannibali
503 2178 616 2222 dixit,
651 2176 788 2227 plures
824 2179 973 2227 praeter
1004 2178 1309 2216 consuetudinem

115 2230 277 2265 armatos
304 2241 493 2278 apparere.
550 2230 628 2277 Qui
653 2232 861 2280 imperavit
890 2232 940 2277 ei,
972 2237 1016 2268 ut
1050 2244 1182 2269 omnes
1206 2232 1308 2270 fores

115 2283 281 2320 aedificii
313 2284 547 2329 circumiret,
577 2298 622 2322 ac
653 2297 817 2334 propere
837 2284 911 2322 sibi
930 2286 1184 2330 renuntiaret,
1213 2299 1307 2323 num

116 2337 248 2373 eodem
268 2337 380 2373 modo
400 2338 567 2385 undique
587 2339 842 2376 obsideretur.
898 2339 1003 2375 Puer
1029 2350 1145 2386 quum
1175 2339 1310 2376 celeri-

115 2396 187 2435 ter,
204 2390 293 2438 quid
314 2396 424 2436 esset,
445 2389 717 2435 renuntiasset,
737 2404 944 2439 omnesque
959 2392 1088 2430 exitus
1105 2399 1309 2441 occupatos
