1496 2671
157 195 207 228 54
495 191 766 230 CORNELII
796 191 1040 231 NEPOTIS

154 311 194 335 se
214 299 367 344 dabant,
389 305 428 336 et
456 299 496 335 in
525 312 570 337 eo
596 300 782 338 laedendo
811 313 850 338 se
879 301 1046 350 aliquam
1075 303 1350 338 consecuturos

154 353 361 401 sperabant
397 355 704 392 commoditatem
724 368 732 391 :
772 354 981 392 familiares
1017 355 1347 404 insequebantur;

154 419 316 444 uxorem
345 406 526 444 Fulviam
554 409 732 446 omnibus
765 410 882 446 rebus
914 408 1080 458 spoliare
1111 409 1347 457 cupiebant:

152 459 294 497 liberos
329 461 445 497 etiam
483 462 713 510 extinguere
750 464 950 511 parabant.
1015 462 1186 508 Atticus,
1225 474 1346 512 quum

155 513 355 551 Ciceronis
388 514 528 552 intima
566 515 830 553 familiaritate
869 521 1052 561 uteretur,
1091 516 1347 554 amicissimus

153 573 253 604 esset
273 567 408 612 Bruto,
429 581 507 606 non
535 570 647 606 modo
675 570 774 606 nibil
801 569 850 606 iis
878 570 1039 606 indulsit
1059 571 1107 607 ad
1127 570 1346 607 Antonium

151 620 390 668 violandum,
405 622 470 659 sed
491 635 512 660 e
531 624 723 660 contrario
743 622 951 661 familiares
969 622 1053 670 ejus
1071 636 1121 661 ex
1141 625 1236 661 urbe
1255 635 1345 672 pro-

151 673 357 723 fugientes,
386 683 574 723 quantum
602 678 740 726 potuit,
770 677 895 721 texit3
932 677 1074 725 quibus
1100 678 1217 714 rebus
1244 677 1345 714 indi-

151 736 331 777 guerunt,
347 729 508 777 adjuvit.
564 730 609 766 P.
626 743 717 767 vero
729 730 941 768 Volumnio
954 744 999 768 ea
1010 731 1162 776 tribuit,
1175 738 1218 768 ut
1233 732 1346 781 plura

152 795 174 818 a
193 789 353 831 parente
372 784 563 832 proficisci
579 797 657 821 non
673 785 882 833 potuerint.
939 784 1021 834 Ipsi
1037 792 1165 822 autem
1181 785 1346 823 Fulviae

151 849 271 883 quum
290 837 424 874 litibus
453 838 715 882 distineretur,
737 838 964 887 magnisque
992 839 1207 876 terroribus
1226 851 1345 876 vexa-

150 897 269 934 retur,
292 889 400 928 tanta
420 891 624 940 diligentia
643 892 812 929 officium
832 905 945 929 suum
965 886 1170 941 praestitit,
1194 898 1239 929 ut
1257 892 1344 930 nul-

150 943 229 980 lum
250 944 316 981 illa
336 945 481 981 stiterit
510 945 776 982 vadimonium
804 946 888 983 sine
908 945 1044 983 Attico
1065 960 1074 989 ;
1102 946 1166 983 hic
1186 959 1348 995 sponsor

149 998 322 1034 omnium
341 1011 471 1035 rerum
492 997 622 1036 fuerit.
682 998 787 1044 Quin
807 999 935 1045 etiam,
956 1012 1077 1049 quum
1095 1000 1162 1037 illa
1180 999 1344 1038 fundum

151 1052 320 1088 secunda
339 1051 496 1090 fortuna
519 1053 674 1090 emisset
693 1053 734 1089 in
754 1053 867 1097 diem,
890 1066 1015 1102 neque
1034 1060 1120 1103 post
1148 1053 1345 1091 calamita-

150 1110 227 1142 tem
247 1118 448 1144 versuram
468 1106 595 1144 faeere
613 1107 813 1156 potuisset,
829 1107 893 1144 ille
908 1120 949 1145 se
964 1108 1207 1156 interposuit,
1227 1120 1344 1157 pecu-

150 1158 332 1208 niamque
353 1160 435 1197 sine
454 1159 622 1206 foenore,
639 1161 799 1210 sineque
816 1159 893 1198 ulla
906 1161 1156 1210 stipulatione
1172 1161 1207 1198 ei
1220 1161 1344 1199 credi-

150 1212 207 1250 dit
224 1228 235 1256 3
264 1213 480 1251 maximum
508 1214 735 1251 existimans
765 1221 979 1262 quaestum,
1013 1227 1222 1252 memorem
1254 1227 1343 1264 gra-

149 1272 308 1314 tumque
341 1268 534 1316 cognosci,
566 1268 757 1316 simulque
786 1269 950 1317 aperire,
979 1281 1020 1306 se
1047 1281 1126 1305 non
1153 1267 1344 1314 fortunae,

150 1321 216 1357 sed
229 1320 463 1367 hominibus,
478 1321 600 1358 solere
615 1333 698 1358 esse
711 1321 895 1359 amicum:
914 1334 1013 1370 quae
1027 1334 1148 1371 quum
1163 1321 1343 1367 faciebat,

148 1385 262 1411 nemo
290 1386 379 1411 eum
407 1374 591 1424 temporis
620 1377 736 1412 eausa
764 1373 892 1413 faeere
918 1381 1072 1425 poterat
1104 1375 1342 1413 existimare.

147 1427 309 1465 Nemini
329 1427 432 1465 enim
452 1429 492 1465 in
512 1428 731 1478 opinionem
753 1429 944 1475 veniebat,
966 1429 1187 1466 Antonium
1205 1441 1345 1466 ‘rerum

147 1481 376 1530 potiturum.
442 1481 519 1520 Sed
552 1482 697 1519 sensim
733 1483 766 1520 is
799 1496 821 1520 a
854 1483 1052 1520 nonnullis
1089 1483 1344 1532 optimatibus

147 1535 515 1584 reprehendebatur,
537 1536 639 1585 quod
670 1548 807 1585 parum
827 1536 952 1575 odisse
972 1536 1091 1574 malos
1111 1537 1216 1575 cives
1236 1536 1344 1575 vide-

147 1595 268 1626 retur.

214 1728 314 1768 CAP.
337 1730 391 1768 X.
448 1728 603 1767 Atticus
622 1729 788 1767 Antonii
801 1731 1122 1781 proscriptionem
1141 1731 1274 1769 evasit.

199 1806 303 1842 ILLE
332 1811 462 1843 autem
491 1806 552 1844 sui
575 1806 729 1855 judicii,
757 1806 898 1856 potius,
928 1807 1022 1855 quid
1049 1819 1091 1844 se
1117 1807 1246 1846 facere
1273 1820 1346 1857 par

148 1865 258 1905 esset,
297 1859 534 1905 intuebatur,
574 1858 690 1909 quam
727 1860 820 1908 quid
857 1860 924 1897 alii
967 1860 1163 1898 laudaturi
1199 1861 1339 1899 forent.

149 1913 348 1951 Conversa
375 1914 503 1951 subito
531 1913 687 1951 fortuna
715 1920 784 1952 est.
843 1914 902 1952 Ut
930 1913 1129 1952 Antonius
1157 1915 1274 1952 rediit
1300 1915 1343 1952 in

146 1967 314 2013 Italiam,
336 1980 449 2005 nemo
469 1980 546 2005 non
565 1980 706 2012 magno
725 1968 766 2004 in
795 1968 967 2017 periculo
987 1966 1167 2005 Atticum
1186 1966 1344 2017 putarat

147 2027 305 2069 propter
342 2021 519 2058 intimam
556 2020 858 2059 familiaritatem
899 2020 1098 2059 Ciceronis
1136 2028 1175 2059 et
1212 2022 1341 2060 Bruti.

146 2073 285 2123 Itaque
305 2074 354 2111 ad
381 2075 592 2112 adventum
618 2075 897 2124 imperatorum
925 2075 972 2112 de
999 2075 1084 2112 foro
1113 2076 1342 2122 decesserat,

146 2128 287 2165 timens
300 2128 637 2176 proscriptionem:
666 2129 887 2178 latebatque
899 2129 1000 2178 apud
1013 2129 1058 2166 P.
1073 2128 1343 2177 Volumnium,

147 2182 221 2226 eui,
242 2188 286 2219 ut
315 2182 554 2219 ostendimus
583 2182 698 2230 paulo
726 2188 827 2226 ante,
858 2195 969 2231 opem
997 2183 1152 2220 tulerat.
1213 2183 1342 2223 Tanta

146 2236 315 2273 varietas
343 2235 385 2271 in
413 2235 473 2272 his
502 2237 740 2284 temporibus
768 2236 844 2272 suit
872 2236 1061 2282 fortunae,
1085 2242 1126 2274 ut
1154 2237 1267 2274 modo
1286 2237 1345 2283 hi,

146 2290 260 2327 modo
288 2289 346 2325 illi
374 2289 416 2326 in
444 2301 593 2326 summo
622 2296 748 2327 essent
777 2294 844 2326 aut
871 2289 1041 2339 fastigio,
1061 2296 1129 2327 aut
1156 2290 1340 2339 periculo.

147 2343 330 2381 Habebat
360 2355 490 2380 secum
520 2341 569 2388 Q.
593 2341 765 2380 Gellium
793 2342 970 2389 Canium,
991 2344 1203 2392 aequalem,
1222 2343 1343 2380 simil-

148 2397 358 2444 limumque
378 2396 450 2434 sui.
508 2396 594 2434 Hoc
613 2409 767 2446 quoque
786 2397 837 2434 sit
858 2397 983 2435 Attici
1003 2397 1188 2435 bonitatis
1210 2408 1342 2434 exem·

151 2451 269 2501 plum,
291 2450 391 2498 quod
409 2462 497 2488 cum
516 2462 572 2496 e0,
593 2463 708 2498 quem
731 2463 895 2502 puerum
925 2451 966 2489 in
985 2451 1078 2489 ludo
1095 2456 1342 2500 cognoverat,
