<?xml version="1.0" encoding="UTF-8"?>
<!DOCTYPE html PUBLIC "-//W3C//DTD XHTML 1.0 Transitional//EN"
    "http://www.w3.org/TR/xhtml1/DTD/xhtml1-transitional.dtd">
<html xmlns="http://www.w3.org/1999/xhtml" xml:lang="en" lang="en">
 <head>
  <title>
</title>
<meta http-equiv="Content-Type" content="text/html;charset=utf-8" />
  <meta name='ocr-system' content='tesseract 3.04.00' />
  <meta name='ocr-capabilities' content='ocr_page ocr_carea ocr_par ocr_line ocrx_word'/>
</head>
<body>
  <div class='ocr_page' id='page_1' title='image "./curriculumlatinu01mont_0108.png"; bbox 0 0 1496 2671; ppageno 0'>
   <div class='ocr_carea' id='block_1_1' title="bbox 287 165 1098 212">
    <p class='ocr_par' dir='ltr' id='par_1_1' title="bbox 287 165 1098 212">
     <span class='ocr_line' id='line_1_1' title="bbox 287 165 1098 212; baseline -0.001 -8"><span class='ocrx_word' id='word_1_1' title='bbox 287 167 339 205; x_wconf 83' lang='grc'><strong>38</strong></span> <span class='ocrx_word' id='word_1_2' title='bbox 628 165 793 204; x_wconf 81' lang='lat' dir='ltr'><strong>LIBER</strong></span> <span class='ocrx_word' id='word_1_3' title='bbox 823 165 1098 212; x_wconf 79' lang='lat' dir='ltr'><strong>QUARTUS.</strong></span> 
     </span>
    </p>
   </div>
   <div class='ocr_carea' id='block_1_2' title="bbox 248 272 1484 2473">
    <p class='ocr_par' dir='ltr' id='par_1_2' title="bbox 274 272 1484 860">
     <span class='ocr_line' id='line_1_2' title="bbox 290 272 1453 324; baseline -0.002 -12"><span class='ocrx_word' id='word_1_4' title='bbox 290 288 392 324; x_wconf 84' lang='lat' dir='ltr'><strong>opus,</strong></span> <span class='ocrx_word' id='word_1_5' title='bbox 409 273 506 323; x_wconf 89' lang='lat' dir='ltr'><strong>quod</strong></span> <span class='ocrx_word' id='word_1_6' title='bbox 521 273 708 323; x_wconf 84' lang='lat' dir='ltr'><strong>stipitibus</strong></span> <span class='ocrx_word' id='word_1_7' title='bbox 725 273 845 311; x_wconf 83' lang='lat' dir='ltr'><strong>fuerat</strong></span> <span class='ocrx_word' id='word_1_8' title='bbox 863 273 1049 320; x_wconf 79' lang='lat' dir='ltr'><strong>innixum,</strong></span> <span class='ocrx_word' id='word_1_9' title='bbox 1077 272 1324 311; x_wconf 74' lang='lat' dir='ltr'><strong>fundamento</strong></span> <span class='ocrx_word' id='word_1_10' title='bbox 1346 273 1453 324; x_wconf 77' lang='lat' dir='ltr'><strong>lapso</strong></span> 
     </span>
     <span class='ocr_line' id='line_1_3' title="bbox 284 327 1456 377; baseline 0.001 -11"><span class='ocrx_word' id='word_1_11' title='bbox 284 329 516 377; x_wconf 79' lang='lat' dir='ltr'>sequebatur.</span> <span class='ocrx_word' id='word_1_12' title='bbox 571 329 697 377; x_wconf 87' lang='lat' dir='ltr'><strong>Aegro</strong></span> <span class='ocrx_word' id='word_1_13' title='bbox 724 327 836 365; x_wconf 87' lang='lat' dir='ltr'><strong>animi</strong></span> <span class='ocrx_word' id='word_1_14' title='bbox 862 328 1091 373; x_wconf 86' lang='lat' dir='ltr'><strong>Alexandro,</strong></span> <span class='ocrx_word' id='word_1_15' title='bbox 1120 332 1156 366; x_wconf 84' lang='lat' dir='ltr'><strong>et</strong></span> <span class='ocrx_word' id='word_1_16' title='bbox 1176 332 1301 364; x_wconf 86' lang='lat' dir='ltr'><strong>utrum</strong></span> <span class='ocrx_word' id='word_1_17' title='bbox 1327 339 1456 376; x_wconf 81' lang='lat' dir='ltr'><strong>perse-</strong></span> 
     </span>
     <span class='ocr_line' id='line_1_4' title="bbox 286 381 1455 431; baseline 0 -11"><span class='ocrx_word' id='word_1_18' title='bbox 286 388 440 427; x_wconf 82' lang='lat' dir='ltr'><strong>veraret,</strong></span> <span class='ocrx_word' id='word_1_19' title='bbox 471 394 518 419; x_wconf 90' lang='lat' dir='ltr'><strong>an</strong></span> <span class='ocrx_word' id='word_1_20' title='bbox 544 382 672 426; x_wconf 88' lang='lat' dir='ltr'><strong>abiret,</strong></span> <span class='ocrx_word' id='word_1_21' title='bbox 695 381 782 419; x_wconf 86' lang='lat' dir='ltr'><strong>satis</strong></span> <span class='ocrx_word' id='word_1_22' title='bbox 808 381 961 426; x_wconf 75' lang='lat' dir='ltr'><strong>incerto,</strong></span> <span class='ocrx_word' id='word_1_23' title='bbox 990 381 1114 419; x_wconf 85' lang='lat' dir='ltr'><strong>classis</strong></span> <span class='ocrx_word' id='word_1_24' title='bbox 1142 381 1268 431; x_wconf 75' lang='lat' dir='ltr'><strong>Cypro</strong></span> <span class='ocrx_word' id='word_1_25' title='bbox 1288 381 1455 427; x_wconf 83' lang='lat' dir='ltr'><strong>advenit,</strong></span> 
     </span>
     <span class='ocr_line' id='line_1_5' title="bbox 282 435 1451 485; baseline 0.003 -14"><span class='ocrx_word' id='word_1_26' title='bbox 282 436 485 484; x_wconf 84' lang='lat' dir='ltr'><strong>eodemque</strong></span> <span class='ocrx_word' id='word_1_27' title='bbox 511 441 676 485; x_wconf 88' lang='lat' dir='ltr'><strong>tempore</strong></span> <span class='ocrx_word' id='word_1_28' title='bbox 705 435 887 472; x_wconf 82' lang='lat' dir='ltr'>Cleander</span> <span class='ocrx_word' id='word_1_29' title='bbox 913 447 997 472; x_wconf 91' lang='lat' dir='ltr'><strong>cum</strong></span> <span class='ocrx_word' id='word_1_30' title='bbox 1027 435 1178 472; x_wconf 87' lang='lat' dir='ltr'><strong>Graecis</strong></span> <span class='ocrx_word' id='word_1_31' title='bbox 1204 435 1382 472; x_wconf 80' lang='lat' dir='ltr'><strong>militibus</strong></span> <span class='ocrx_word' id='word_1_32' title='bbox 1409 436 1451 474; x_wconf 75' lang='lat' dir='ltr'><strong>in</strong></span> 
     </span>
     <span class='ocr_line' id='line_1_6' title="bbox 281 488 1484 539; baseline 0.001 -14"><span class='ocrx_word' id='word_1_33' title='bbox 281 489 409 527; x_wconf 82' lang='lat' dir='ltr'><strong>Asiam</strong></span> <span class='ocrx_word' id='word_1_34' title='bbox 436 501 554 539; x_wconf 83' lang='lat' dir='ltr'>nuper</span> <span class='ocrx_word' id='word_1_35' title='bbox 581 489 768 526; x_wconf 86' lang='lat' dir='ltr'><strong>advectus.</strong></span> <span class='ocrx_word' id='word_1_36' title='bbox 827 489 987 525; x_wconf 80' lang='lat' dir='ltr'>Centum</span> <span class='ocrx_word' id='word_1_37' title='bbox 1014 493 1052 526; x_wconf 90' lang='lat' dir='ltr'><strong>et</strong></span> <span class='ocrx_word' id='word_1_38' title='bbox 1079 488 1272 538; x_wconf 85' lang='lat' dir='ltr'><strong>octoginta</strong></span> <span class='ocrx_word' id='word_1_39' title='bbox 1296 488 1449 527; x_wconf 82' lang='lat' dir='ltr'><strong>navium</strong></span> <span class='ocrx_word' id='word_1_40' title='bbox 1480 508 1484 513; x_wconf 59' lang='lat'><strong><em>⁴</em></strong></span> 
     </span>
     <span class='ocr_line' id='line_1_7' title="bbox 281 541 1449 592; baseline 0 -12"><span class='ocrx_word' id='word_1_41' title='bbox 281 543 433 580; x_wconf 85' lang='lat' dir='ltr'><strong>classem</strong></span> <span class='ocrx_word' id='word_1_42' title='bbox 451 543 491 580; x_wconf 91' lang='lat' dir='ltr'><strong>in</strong></span> <span class='ocrx_word' id='word_1_43' title='bbox 510 543 584 580; x_wconf 92' lang='lat' dir='ltr'><strong>duo</strong></span> <span class='ocrx_word' id='word_1_44' title='bbox 604 543 737 580; x_wconf 77' lang='lat' dir='ltr'><strong>dividit</strong></span> <span class='ocrx_word' id='word_1_45' title='bbox 756 554 918 585; x_wconf 87' lang='lat' dir='ltr'><strong>cornua;</strong></span> <span class='ocrx_word' id='word_1_46' title='bbox 948 542 1095 579; x_wconf 89' lang='lat' dir='ltr'><strong>laevum</strong></span> <span class='ocrx_word' id='word_1_47' title='bbox 1114 541 1360 592; x_wconf 75' lang='lat' dir='ltr'><strong>PnytagoraS,</strong></span> <span class='ocrx_word' id='word_1_48' title='bbox 1380 554 1449 580; x_wconf 83' lang='lat' dir='ltr'><strong>rex</strong></span> 
     </span>
     <span class='ocr_line' id='line_1_8' title="bbox 280 595 1449 646; baseline 0.001 -13"><span class='ocrx_word' id='word_1_49' title='bbox 280 597 514 646; x_wconf 84' lang='lat' dir='ltr'><strong>Cypriorum,</strong></span> <span class='ocrx_word' id='word_1_50' title='bbox 552 609 636 634; x_wconf 90' lang='lat' dir='ltr'><strong>cum</strong></span> <span class='ocrx_word' id='word_1_51' title='bbox 674 596 827 633; x_wconf 86' lang='lat' dir='ltr'><strong>Cratero</strong></span> <span class='ocrx_word' id='word_1_52' title='bbox 863 595 1068 633; x_wconf 87' lang='lat' dir='ltr'><strong>tuebatur:</strong></span> <span class='ocrx_word' id='word_1_53' title='bbox 1110 595 1367 634; x_wconf 84' lang='lat' dir='ltr'><strong>Alexandrum</strong></span> <span class='ocrx_word' id='word_1_54' title='bbox 1406 597 1449 634; x_wconf 76' lang='lat' dir='ltr'><strong>in</strong></span> 
     </span>
     <span class='ocr_line' id='line_1_9' title="bbox 278 647 1448 699; baseline 0 -11"><span class='ocrx_word' id='word_1_55' title='bbox 278 650 411 689; x_wconf 81' lang='lat' dir='ltr'><strong>dextro</strong></span> <span class='ocrx_word' id='word_1_56' title='bbox 438 650 710 699; x_wconf 83' lang='lat' dir='ltr'><strong>quinqueremis</strong></span> <span class='ocrx_word' id='word_1_57' title='bbox 728 647 832 698; x_wconf 85' lang='lat' dir='ltr'><strong>regia</strong></span> <span class='ocrx_word' id='word_1_58' title='bbox 850 649 1023 686; x_wconf 86' lang='lat' dir='ltr'><strong>vehebat.</strong></span> <span class='ocrx_word' id='word_1_59' title='bbox 1077 648 1158 686; x_wconf 90' lang='lat' dir='ltr'><strong>Nec</strong></span> <span class='ocrx_word' id='word_1_60' title='bbox 1178 649 1296 699; x_wconf 83' lang='lat' dir='ltr'><strong>Tyrii,</strong></span> <span class='ocrx_word' id='word_1_61' title='bbox 1317 655 1448 698; x_wconf 79' lang='lat' dir='ltr'><strong>quam-</strong></span> 
     </span>
     <span class='ocr_line' id='line_1_10' title="bbox 277 702 1444 752; baseline -0.001 -10"><span class='ocrx_word' id='word_1_62' title='bbox 277 716 387 752; x_wconf 85' lang='lat' dir='ltr'><strong>quam</strong></span> <span class='ocrx_word' id='word_1_63' title='bbox 415 705 568 742; x_wconf 83' lang='lat' dir='ltr'><strong>classem</strong></span> <span class='ocrx_word' id='word_1_64' title='bbox 594 704 794 748; x_wconf 81' lang='lat' dir='ltr'><strong>habebant,</strong></span> <span class='ocrx_word' id='word_1_65' title='bbox 833 703 913 740; x_wconf 88' lang='lat' dir='ltr'><strong>ausi</strong></span> <span class='ocrx_word' id='word_1_66' title='bbox 945 702 1076 740; x_wconf 91' lang='lat' dir='ltr'><strong>navale</strong></span> <span class='ocrx_word' id='word_1_67' title='bbox 1111 703 1207 740; x_wconf 89' lang='lat' dir='ltr'><strong>inire</strong></span> <span class='ocrx_word' id='word_1_68' title='bbox 1243 710 1444 750; x_wconf 89' lang='lat' dir='ltr'><strong>certamen,</strong></span> 
     </span>
     <span class='ocr_line' id='line_1_11' title="bbox 274 754 1446 806; baseline 0 -11"><span class='ocrx_word' id='word_1_69' title='bbox 274 762 349 796; x_wconf 86' lang='lat' dir='ltr'><strong>tres</strong></span> <span class='ocrx_word' id='word_1_70' title='bbox 378 758 530 795; x_wconf 86' lang='lat' dir='ltr'><strong>omnino</strong></span> <span class='ocrx_word' id='word_1_71' title='bbox 549 771 662 795; x_wconf 87' lang='lat' dir='ltr'><strong>naves</strong></span> <span class='ocrx_word' id='word_1_72' title='bbox 682 762 769 795; x_wconf 87' lang='lat' dir='ltr'><strong>ante</strong></span> <span class='ocrx_word' id='word_1_73' title='bbox 796 756 875 806; x_wconf 83' lang='lat' dir='ltr'><strong>ipsa</strong></span> <span class='ocrx_word' id='word_1_74' title='bbox 894 754 1039 794; x_wconf 79' lang='lat' dir='ltr'><strong>moenia</strong></span> <span class='ocrx_word' id='word_1_75' title='bbox 1066 761 1334 806; x_wconf 86' lang='lat' dir='ltr'><strong>opposuerunt,</strong></span> <span class='ocrx_word' id='word_1_76' title='bbox 1363 757 1446 806; x_wconf 83' lang='lat' dir='ltr'><strong>qui·</strong></span> 
     </span>
     <span class='ocr_line' id='line_1_12' title="bbox 275 810 935 860; baseline -0.003 -11"><span class='ocrx_word' id='word_1_77' title='bbox 275 812 345 850; x_wconf 87' lang='lat' dir='ltr'><strong>bus</strong></span> <span class='ocrx_word' id='word_1_78' title='bbox 363 824 429 849; x_wconf 81' lang='lat' dir='ltr'><strong>rex</strong></span> <span class='ocrx_word' id='word_1_79' title='bbox 446 812 615 850; x_wconf 88' lang='lat' dir='ltr'><strong>invectus</strong></span> <span class='ocrx_word' id='word_1_80' title='bbox 633 812 730 860; x_wconf 86' lang='lat' dir='ltr'><strong>ipsas</strong></span> <span class='ocrx_word' id='word_1_81' title='bbox 749 810 935 848; x_wconf 84' lang='lat' dir='ltr'><strong>demersit.</strong></span> 
     </span>
    </p>

    <p class='ocr_par' dir='ltr' id='par_1_3' title="bbox 248 863 1463 2473">
     <span class='ocr_line' id='line_1_13' title="bbox 328 863 1447 913; baseline 0 -11"><span class='ocrx_word' id='word_1_82' title='bbox 328 865 435 903; x_wconf 86' lang='lat' dir='ltr'><strong>XIII.</strong></span> <span class='ocrx_word' id='word_1_83' title='bbox 467 865 621 903; x_wconf 87' lang='lat' dir='ltr'><strong>Postera</strong></span> <span class='ocrx_word' id='word_1_84' title='bbox 639 865 711 910; x_wconf 88' lang='lat' dir='ltr'><strong>die,</strong></span> <span class='ocrx_word' id='word_1_85' title='bbox 730 864 844 901; x_wconf 91' lang='lat' dir='ltr'><strong>classe</strong></span> <span class='ocrx_word' id='word_1_86' title='bbox 862 863 911 901; x_wconf 89' lang='lat' dir='ltr'><strong>ad</strong></span> <span class='ocrx_word' id='word_1_87' title='bbox 937 863 1083 901; x_wconf 89' lang='lat' dir='ltr'><strong>moenia</strong></span> <span class='ocrx_word' id='word_1_88' title='bbox 1100 863 1260 911; x_wconf 87' lang='lat' dir='ltr'><strong>admota,</strong></span> <span class='ocrx_word' id='word_1_89' title='bbox 1280 864 1447 913; x_wconf 88' lang='lat' dir='ltr'><strong>undique</strong></span> 
     </span>
     <span class='ocr_line' id='line_1_14' title="bbox 274 917 1438 968; baseline 0 -12"><span class='ocrx_word' id='word_1_90' title='bbox 274 919 479 963; x_wconf 84' lang='lat' dir='ltr'><strong>tormentis,</strong></span> <span class='ocrx_word' id='word_1_91' title='bbox 519 924 557 956; x_wconf 91' lang='lat' dir='ltr'><strong>et</strong></span> <span class='ocrx_word' id='word_1_92' title='bbox 589 919 751 955; x_wconf 79' lang='lat' dir='ltr'><strong>maxime</strong></span> <span class='ocrx_word' id='word_1_93' title='bbox 786 918 943 955; x_wconf 87' lang='lat' dir='ltr'><strong>arietum</strong></span> <span class='ocrx_word' id='word_1_94' title='bbox 974 917 1094 966; x_wconf 90' lang='lat' dir='ltr'><strong>pulsu,</strong></span> <span class='ocrx_word' id='word_1_95' title='bbox 1128 930 1253 956; x_wconf 88' lang='lat' dir='ltr'><strong>muros</strong></span> <span class='ocrx_word' id='word_1_96' title='bbox 1288 918 1438 968; x_wconf 74' lang='lat' dir='ltr'><strong>quatit3</strong></span> 
     </span>
     <span class='ocr_line' id='line_1_15' title="bbox 273 971 1442 1022; baseline 0.001 -13"><span class='ocrx_word' id='word_1_97' title='bbox 273 984 363 1020; x_wconf 90' lang='lat' dir='ltr'><strong>quos</strong></span> <span class='ocrx_word' id='word_1_98' title='bbox 401 972 507 1022; x_wconf 78' lang='lat' dir='ltr'><strong>Tyrii</strong></span> <span class='ocrx_word' id='word_1_99' title='bbox 533 973 668 1022; x_wconf 87' lang='lat' dir='ltr'><strong>raptim</strong></span> <span class='ocrx_word' id='word_1_100' title='bbox 695 971 892 1009; x_wconf 87' lang='lat' dir='ltr'><strong>obstructis</strong></span> <span class='ocrx_word' id='word_1_101' title='bbox 920 971 1017 1008; x_wconf 85' lang='lat' dir='ltr'><strong>saxis</strong></span> <span class='ocrx_word' id='word_1_102' title='bbox 1042 971 1262 1019; x_wconf 81' lang='lat' dir='ltr'><strong>refecerunt,</strong></span> <span class='ocrx_word' id='word_1_103' title='bbox 1288 972 1442 1010; x_wconf 81' lang='lat' dir='ltr'><strong>interio-</strong></span> 
     </span>
     <span class='ocr_line' id='line_1_16' title="bbox 273 1024 1444 1076; baseline 0.001 -13"><span class='ocrx_word' id='word_1_104' title='bbox 273 1039 351 1063; x_wconf 86' lang='lat' dir='ltr'><strong>rem</strong></span> <span class='ocrx_word' id='word_1_105' title='bbox 378 1038 522 1075; x_wconf 87' lang='lat' dir='ltr'><strong>quoquc</strong></span> <span class='ocrx_word' id='word_1_106' title='bbox 541 1039 700 1076; x_wconf 83' lang='lat' dir='ltr'><strong>murum,</strong></span> <span class='ocrx_word' id='word_1_107' title='bbox 720 1030 775 1071; x_wconf 86' lang='lat' dir='ltr'><strong>ut,</strong></span> <span class='ocrx_word' id='word_1_108' title='bbox 805 1025 834 1062; x_wconf 90' lang='lat' dir='ltr'><strong>si</strong></span> <span class='ocrx_word' id='word_1_109' title='bbox 861 1025 961 1074; x_wconf 90' lang='lat' dir='ltr'><strong>prior</strong></span> <span class='ocrx_word' id='word_1_110' title='bbox 979 1024 1177 1071; x_wconf 82' lang='lat' dir='ltr'><strong>fefellisset,</strong></span> <span class='ocrx_word' id='word_1_111' title='bbox 1205 1025 1270 1062; x_wconf 87' lang='lat' dir='ltr'><strong>illo</strong></span> <span class='ocrx_word' id='word_1_112' title='bbox 1295 1037 1335 1063; x_wconf 88' lang='lat' dir='ltr'><strong>se</strong></span> <span class='ocrx_word' id='word_1_113' title='bbox 1359 1029 1444 1064; x_wconf 83' lang='lat' dir='ltr'><strong>tue-</strong></span> 
     </span>
     <span class='ocr_line' id='line_1_17' title="bbox 268 1078 1439 1128; baseline 0 -11"><span class='ocrx_word' id='word_1_114' title='bbox 268 1085 409 1126; x_wconf 82' lang='lat' dir='ltr'><strong>rentur,</strong></span> <span class='ocrx_word' id='word_1_115' title='bbox 449 1080 531 1117; x_wconf 88' lang='lat' dir='ltr'><strong>orsi.</strong></span> <span class='ocrx_word' id='word_1_116' title='bbox 607 1080 681 1117; x_wconf 90' lang='lat' dir='ltr'><strong>Sed</strong></span> <span class='ocrx_word' id='word_1_117' title='bbox 709 1079 871 1127; x_wconf 90' lang='lat' dir='ltr'><strong>undique</strong></span> <span class='ocrx_word' id='word_1_118' title='bbox 900 1079 954 1115; x_wconf 89' lang='lat' dir='ltr'><strong>vis</strong></span> <span class='ocrx_word' id='word_1_119' title='bbox 983 1078 1070 1116; x_wconf 89' lang='lat' dir='ltr'><strong>mali</strong></span> <span class='ocrx_word' id='word_1_120' title='bbox 1097 1079 1285 1128; x_wconf 85' lang='lat' dir='ltr'><strong>urgebat:</strong></span> <span class='ocrx_word' id='word_1_121' title='bbox 1324 1079 1439 1117; x_wconf 88' lang='lat' dir='ltr'><strong>moles</strong></span> 
     </span>
     <span class='ocr_line' id='line_1_18' title="bbox 273 1132 1439 1183; baseline 0.001 -14"><span class='ocrx_word' id='word_1_122' title='bbox 273 1133 371 1171; x_wconf 86' lang='lat' dir='ltr'><strong>intra</strong></span> <span class='ocrx_word' id='word_1_123' title='bbox 389 1133 454 1172; x_wconf 89' lang='lat' dir='ltr'><strong>teli</strong></span> <span class='ocrx_word' id='word_1_124' title='bbox 467 1134 611 1183; x_wconf 87' lang='lat' dir='ltr'><strong>jactum</strong></span> <span class='ocrx_word' id='word_1_125' title='bbox 632 1139 711 1171; x_wconf 86' lang='lat' dir='ltr'><strong>erat</strong></span> <span class='ocrx_word' id='word_1_126' title='bbox 730 1147 739 1178; x_wconf 91' lang='lat'>;</span> <span class='ocrx_word' id='word_1_127' title='bbox 767 1132 891 1170; x_wconf 87' lang='lat' dir='ltr'><strong>classis</strong></span> <span class='ocrx_word' id='word_1_128' title='bbox 917 1133 1063 1170; x_wconf 82' lang='lat' dir='ltr'><strong>moenia</strong></span> <span class='ocrx_word' id='word_1_129' title='bbox 1090 1133 1335 1177; x_wconf 79' lang='lat' dir='ltr'><strong>circumibat3</strong></span> <span class='ocrx_word' id='word_1_130' title='bbox 1363 1137 1439 1172; x_wconf 85' lang='lat' dir='ltr'><strong>ter·</strong></span> 
     </span>
     <span class='ocr_line' id='line_1_19' title="bbox 272 1186 1437 1236; baseline 0.001 -12"><span class='ocrx_word' id='word_1_131' title='bbox 272 1188 380 1225; x_wconf 86' lang='lat' dir='ltr'><strong>restri</strong></span> <span class='ocrx_word' id='word_1_132' title='bbox 405 1187 515 1229; x_wconf 86' lang='lat' dir='ltr'><strong>simul</strong></span> <span class='ocrx_word' id='word_1_133' title='bbox 533 1187 728 1236; x_wconf 86' lang='lat' dir='ltr'><strong>navalique</strong></span> <span class='ocrx_word' id='word_1_134' title='bbox 747 1187 852 1224; x_wconf 88' lang='lat' dir='ltr'><strong>clade</strong></span> <span class='ocrx_word' id='word_1_135' title='bbox 879 1186 1145 1225; x_wconf 80' lang='lat' dir='ltr'><strong>obruebantur.</strong></span> <span class='ocrx_word' id='word_1_136' title='bbox 1203 1186 1354 1236; x_wconf 78' lang='lat' dir='ltr'><strong>Quippe</strong></span> <span class='ocrx_word' id='word_1_137' title='bbox 1381 1187 1437 1225; x_wconf 91' lang='lat' dir='ltr'><strong>bi-</strong></span> 
     </span>
     <span class='ocr_line' id='line_1_20' title="bbox 271 1239 1436 1290; baseline 0.003 -13"><span class='ocrx_word' id='word_1_138' title='bbox 271 1253 337 1278; x_wconf 88' lang='lat' dir='ltr'><strong>nas</strong></span> <span class='ocrx_word' id='word_1_139' title='bbox 364 1241 613 1290; x_wconf 83' lang='lat' dir='ltr'><strong>quadriremes</strong></span> <span class='ocrx_word' id='word_1_140' title='bbox 642 1241 866 1278; x_wconf 85' lang='lat' dir='ltr'><strong>Macedones</strong></span> <span class='ocrx_word' id='word_1_141' title='bbox 891 1240 990 1278; x_wconf 86' lang='lat' dir='ltr'><strong>inter</strong></span> <span class='ocrx_word' id='word_1_142' title='bbox 1016 1253 1054 1278; x_wconf 93' lang='lat' dir='ltr'><strong>se</strong></span> <span class='ocrx_word' id='word_1_143' title='bbox 1080 1240 1135 1278; x_wconf 87' lang='lat' dir='ltr'><strong>ita</strong></span> <span class='ocrx_word' id='word_1_144' title='bbox 1154 1239 1374 1289; x_wconf 87' lang='lat' dir='ltr'><strong>junxerant,</strong></span> <span class='ocrx_word' id='word_1_145' title='bbox 1393 1247 1436 1280; x_wconf 87' lang='lat' dir='ltr'><strong>ut</strong></span> 
     </span>
     <span class='ocr_line' id='line_1_21' title="bbox 270 1294 1438 1345; baseline 0.001 -14"><span class='ocrx_word' id='word_1_146' title='bbox 270 1307 403 1344; x_wconf 88' lang='lat' dir='ltr'><strong>prorae</strong></span> <span class='ocrx_word' id='word_1_147' title='bbox 430 1295 678 1341; x_wconf 85' lang='lat' dir='ltr'><strong>cohaererent,</strong></span> <span class='ocrx_word' id='word_1_148' title='bbox 706 1307 847 1344; x_wconf 89' lang='lat' dir='ltr'><strong>puppes</strong></span> <span class='ocrx_word' id='word_1_149' title='bbox 874 1294 1079 1340; x_wconf 88' lang='lat' dir='ltr'><strong>intervallo,</strong></span> <span class='ocrx_word' id='word_1_150' title='bbox 1109 1299 1289 1342; x_wconf 86' lang='lat' dir='ltr'><strong>quantum</strong></span> <span class='ocrx_word' id='word_1_151' title='bbox 1307 1306 1438 1345; x_wconf 85' lang='lat' dir='ltr'><strong>capere</strong></span> 
     </span>
     <span class='ocr_line' id='line_1_22' title="bbox 267 1347 1440 1398; baseline 0.001 -13"><span class='ocrx_word' id='word_1_152' title='bbox 267 1354 430 1397; x_wconf 79' lang='lat' dir='ltr'><strong>possent,</strong></span> <span class='ocrx_word' id='word_1_153' title='bbox 450 1349 642 1386; x_wconf 86' lang='lat' dir='ltr'><strong>distarent.</strong></span> <span class='ocrx_word' id='word_1_154' title='bbox 699 1348 784 1385; x_wconf 90' lang='lat' dir='ltr'><strong>Hoc</strong></span> <span class='ocrx_word' id='word_1_155' title='bbox 801 1349 990 1398; x_wconf 90' lang='lat' dir='ltr'><strong>-puppium</strong></span> <span class='ocrx_word' id='word_1_156' title='bbox 1007 1347 1244 1385; x_wconf 87' lang='lat' dir='ltr'><strong>intervallum</strong></span> <span class='ocrx_word' id='word_1_157' title='bbox 1262 1349 1440 1386; x_wconf 85' lang='lat' dir='ltr'><strong>antennis-</strong></span> 
     </span>
     <span class='ocr_line' id='line_1_23' title="bbox 267 1401 1434 1451; baseline 0.002 -13"><span class='ocrx_word' id='word_1_158' title='bbox 267 1402 523 1450; x_wconf 87' lang='lat' dir='ltr'><strong>asseribusque</strong></span> <span class='ocrx_word' id='word_1_159' title='bbox 550 1402 682 1440; x_wconf 86' lang='lat' dir='ltr'><strong>validis</strong></span> <span class='ocrx_word' id='word_1_160' title='bbox 719 1402 901 1450; x_wconf 85' lang='lat' dir='ltr'><strong>deligat-is,</strong></span> <span class='ocrx_word' id='word_1_161' title='bbox 940 1413 1122 1451; x_wconf 88' lang='lat' dir='ltr'><strong>superque</strong></span> <span class='ocrx_word' id='word_1_162' title='bbox 1159 1413 1221 1438; x_wconf 89' lang='lat' dir='ltr'><strong>eos</strong></span> <span class='ocrx_word' id='word_1_163' title='bbox 1256 1401 1434 1450; x_wconf 86' lang='lat' dir='ltr'><strong>pontibus</strong></span> 
     </span>
     <span class='ocr_line' id='line_1_24' title="bbox 266 1455 1433 1504; baseline 0 -11"><span class='ocrx_word' id='word_1_164' title='bbox 266 1455 392 1493; x_wconf 84' lang='lat' dir='ltr'><strong>stratis</strong></span> <span class='ocrx_word' id='word_1_165' title='bbox 429 1456 491 1504; x_wconf 90' lang='lat' dir='ltr'><strong>qui</strong></span> <span class='ocrx_word' id='word_1_166' title='bbox 536 1456 690 1494; x_wconf 90' lang='lat' dir='ltr'><strong>militem</strong></span> <span class='ocrx_word' id='word_1_167' title='bbox 731 1456 968 1501; x_wconf 84' lang='lat' dir='ltr'><strong>sustinerent,</strong></span> <span class='ocrx_word' id='word_1_168' title='bbox 1004 1455 1276 1504; x_wconf 90' lang='lat' dir='ltr'><strong>impleverant;</strong></span> <span class='ocrx_word' id='word_1_169' title='bbox 1314 1455 1366 1493; x_wconf 84' lang='lat' dir='ltr'><strong>sic</strong></span> <span class='ocrx_word' id='word_1_170' title='bbox 1392 1456 1433 1494; x_wconf 87' lang='lat' dir='ltr'><strong>in</strong></span> 
     </span>
     <span class='ocr_line' id='line_1_25' title="bbox 267 1509 1434 1558; baseline 0.001 -12"><span class='ocrx_word' id='word_1_171' title='bbox 267 1515 426 1547; x_wconf 83' lang='lat' dir='ltr'><strong>structas</strong></span> <span class='ocrx_word' id='word_1_172' title='bbox 454 1510 702 1557; x_wconf 88' lang='lat' dir='ltr'><strong>quadriremes</strong></span> <span class='ocrx_word' id='word_1_173' title='bbox 721 1510 768 1546; x_wconf 89' lang='lat' dir='ltr'><strong>ad</strong></span> <span class='ocrx_word' id='word_1_174' title='bbox 795 1509 924 1546; x_wconf 89' lang='lat' dir='ltr'><strong>urbem</strong></span> <span class='ocrx_word' id='word_1_175' title='bbox 946 1509 1109 1558; x_wconf 83' lang='lat' dir='ltr'><strong>agebant</strong></span> <span class='ocrx_word' id='word_1_176' title='bbox 1129 1523 1138 1546; x_wconf 88' lang='lat'>:</span> <span class='ocrx_word' id='word_1_177' title='bbox 1166 1509 1256 1546; x_wconf 89' lang='lat' dir='ltr'><strong>inde</strong></span> <span class='ocrx_word' id='word_1_178' title='bbox 1281 1509 1434 1548; x_wconf 87' lang='lat' dir='ltr'><strong>missilia</strong></span> 
     </span>
     <span class='ocr_line' id='line_1_26' title="bbox 266 1563 1432 1613; baseline 0.002 -14"><span class='ocrx_word' id='word_1_179' title='bbox 266 1563 304 1599; x_wconf 89' lang='lat' dir='ltr'><strong>in</strong></span> <span class='ocrx_word' id='word_1_180' title='bbox 332 1569 605 1613; x_wconf 83' lang='lat' dir='ltr'><strong>propugnantes</strong></span> <span class='ocrx_word' id='word_1_181' title='bbox 642 1563 908 1612; x_wconf 86' lang='lat' dir='ltr'><strong>ingerebantur</strong></span> <span class='ocrx_word' id='word_1_182' title='bbox 934 1568 1029 1609; x_wconf 86' lang='lat' dir='ltr'><strong>tuto,</strong></span> <span class='ocrx_word' id='word_1_183' title='bbox 1051 1563 1137 1611; x_wconf 92' lang='lat' dir='ltr'><strong>quia</strong></span> <span class='ocrx_word' id='word_1_184' title='bbox 1172 1563 1291 1612; x_wconf 87' lang='lat' dir='ltr'><strong>proris</strong></span> <span class='ocrx_word' id='word_1_185' title='bbox 1327 1563 1432 1601; x_wconf 88' lang='lat' dir='ltr'><strong>miles</strong></span> 
     </span>
     <span class='ocr_line' id='line_1_27' title="bbox 263 1617 1428 1665; baseline 0.002 -11"><span class='ocrx_word' id='word_1_186' title='bbox 263 1618 473 1665; x_wconf 81' lang='lat' dir='ltr'><strong>tegebatur.</strong></span> <span class='ocrx_word' id='word_1_187' title='bbox 529 1617 656 1655; x_wconf 86' lang='lat' dir='ltr'><strong>Media</strong></span> <span class='ocrx_word' id='word_1_188' title='bbox 683 1630 758 1654; x_wconf 82' lang='lat' dir='ltr'><strong>nox</strong></span> <span class='ocrx_word' id='word_1_189' title='bbox 786 1622 876 1660; x_wconf 87' lang='lat' dir='ltr'><strong>erat,</strong></span> <span class='ocrx_word' id='word_1_190' title='bbox 897 1629 1011 1665; x_wconf 84' lang='lat' dir='ltr'><strong>quum</strong></span> <span class='ocrx_word' id='word_1_191' title='bbox 1038 1617 1201 1662; x_wconf 86' lang='lat' dir='ltr'><strong>classem,</strong></span> <span class='ocrx_word' id='word_1_192' title='bbox 1221 1617 1332 1655; x_wconf 85' lang='lat' dir='ltr'><strong>sicuti</strong></span> <span class='ocrx_word' id='word_1_193' title='bbox 1350 1618 1428 1656; x_wconf 88' lang='lat' dir='ltr'><strong>dic—</strong></span> 
     </span>
     <span class='ocr_line' id='line_1_28' title="bbox 268 1670 1430 1721; baseline 0.001 -13"><span class='ocrx_word' id='word_1_194' title='bbox 268 1676 347 1708; x_wconf 77' lang='lat' dir='ltr'><strong>tum</strong></span> <span class='ocrx_word' id='word_1_195' title='bbox 376 1676 442 1717; x_wconf 88' lang='lat' dir='ltr'><strong>est,</strong></span> <span class='ocrx_word' id='word_1_196' title='bbox 480 1677 658 1720; x_wconf 86' lang='lat' dir='ltr'><strong>paratam,</strong></span> <span class='ocrx_word' id='word_1_197' title='bbox 697 1671 889 1708; x_wconf 87' lang='lat' dir='ltr'><strong>circumire</strong></span> <span class='ocrx_word' id='word_1_198' title='bbox 925 1683 1049 1707; x_wconf 89' lang='lat' dir='ltr'><strong>muros</strong></span> <span class='ocrx_word' id='word_1_199' title='bbox 1078 1670 1202 1719; x_wconf 87' lang='lat' dir='ltr'><strong>jubet.</strong></span> <span class='ocrx_word' id='word_1_200' title='bbox 1269 1670 1430 1721; x_wconf 86' lang='lat' dir='ltr'><strong>Jamque</strong></span> 
     </span>
     <span class='ocr_line' id='line_1_29' title="bbox 264 1723 1428 1774; baseline 0.001 -13"><span class='ocrx_word' id='word_1_201' title='bbox 264 1737 374 1761; x_wconf 87' lang='lat' dir='ltr'><strong>naves</strong></span> <span class='ocrx_word' id='word_1_202' title='bbox 393 1725 477 1762; x_wconf 88' lang='lat' dir='ltr'><strong>urbi</strong></span> <span class='ocrx_word' id='word_1_203' title='bbox 492 1726 657 1774; x_wconf 87' lang='lat' dir='ltr'><strong>undique</strong></span> <span class='ocrx_word' id='word_1_204' title='bbox 676 1725 979 1768; x_wconf 84' lang='lat' dir='ltr'><strong>admovebantur,</strong></span> <span class='ocrx_word' id='word_1_205' title='bbox 995 1729 1033 1761; x_wconf 90' lang='lat' dir='ltr'><strong>et</strong></span> <span class='ocrx_word' id='word_1_206' title='bbox 1048 1723 1153 1773; x_wconf 87' lang='lat' dir='ltr'><strong>Tyrii</strong></span> <span class='ocrx_word' id='word_1_207' title='bbox 1172 1724 1428 1773; x_wconf 88' lang='lat' dir='ltr'><strong>desperatione</strong></span> 
     </span>
     <span class='ocr_line' id='line_1_30' title="bbox 263 1777 1424 1827; baseline 0.002 -13"><span class='ocrx_word' id='word_1_208' title='bbox 263 1779 471 1827; x_wconf 88' lang='lat' dir='ltr'><strong>torpebant,</strong></span> <span class='ocrx_word' id='word_1_209' title='bbox 490 1791 601 1827; x_wconf 90' lang='lat' dir='ltr'><strong>quum</strong></span> <span class='ocrx_word' id='word_1_210' title='bbox 617 1779 739 1816; x_wconf 90' lang='lat' dir='ltr'><strong>subito</strong></span> <span class='ocrx_word' id='word_1_211' title='bbox 758 1779 893 1827; x_wconf 85' lang='lat' dir='ltr'><strong>spissae</strong></span> <span class='ocrx_word' id='word_1_212' title='bbox 907 1778 1024 1814; x_wconf 87' lang='lat' dir='ltr'><strong>nubes</strong></span> <span class='ocrx_word' id='word_1_213' title='bbox 1041 1777 1235 1814; x_wconf 89' lang='lat' dir='ltr'><strong>intendere</strong></span> <span class='ocrx_word' id='word_1_214' title='bbox 1251 1790 1291 1815; x_wconf 89' lang='lat' dir='ltr'><strong>se</strong></span> <span class='ocrx_word' id='word_1_215' title='bbox 1309 1778 1424 1824; x_wconf 84' lang='lat' dir='ltr'><strong>coelo,</strong></span> 
     </span>
     <span class='ocr_line' id='line_1_31' title="bbox 261 1831 1424 1881; baseline 0 -13"><span class='ocrx_word' id='word_1_216' title='bbox 261 1839 309 1877; x_wconf 89' lang='lat' dir='ltr'><strong>et,</strong></span> <span class='ocrx_word' id='word_1_217' title='bbox 331 1832 513 1881; x_wconf 87' lang='lat' dir='ltr'><strong>quidquid</strong></span> <span class='ocrx_word' id='word_1_218' title='bbox 524 1832 616 1869; x_wconf 88' lang='lat' dir='ltr'><strong>lucis</strong></span> <span class='ocrx_word' id='word_1_219' title='bbox 630 1832 882 1877; x_wconf 88' lang='lat' dir='ltr'><strong>internitebat,</strong></span> <span class='ocrx_word' id='word_1_220' title='bbox 899 1832 1015 1868; x_wconf 87' lang='lat' dir='ltr'><strong>offusa</strong></span> <span class='ocrx_word' id='word_1_221' title='bbox 1029 1831 1186 1880; x_wconf 84' lang='lat' dir='ltr'><strong>caligine</strong></span> <span class='ocrx_word' id='word_1_222' title='bbox 1200 1831 1424 1870; x_wconf 82' lang='lat' dir='ltr'><strong>exstinctum</strong></span> 
     </span>
     <span class='ocr_line' id='line_1_32' title="bbox 258 1884 1423 1935; baseline 0.001 -13"><span class='ocrx_word' id='word_1_223' title='bbox 258 1891 328 1923; x_wconf 85' lang='lat' dir='ltr'><strong>est.</strong></span> <span class='ocrx_word' id='word_1_224' title='bbox 387 1886 484 1923; x_wconf 88' lang='lat' dir='ltr'><strong>Tum</strong></span> <span class='ocrx_word' id='word_1_225' title='bbox 510 1886 765 1924; x_wconf 85' lang='lat' dir='ltr'><strong>inhorrescens</strong></span> <span class='ocrx_word' id='word_1_226' title='bbox 800 1898 901 1922; x_wconf 90' lang='lat' dir='ltr'><strong>mare</strong></span> <span class='ocrx_word' id='word_1_227' title='bbox 928 1885 1105 1935; x_wconf 86' lang='lat' dir='ltr'><strong>paulatim</strong></span> <span class='ocrx_word' id='word_1_228' title='bbox 1132 1884 1258 1931; x_wconf 90' lang='lat' dir='ltr'><strong>levari,</strong></span> <span class='ocrx_word' id='word_1_229' title='bbox 1287 1885 1423 1923; x_wconf 90' lang='lat' dir='ltr'><strong>deinde</strong></span> 
     </span>
     <span class='ocr_line' id='line_1_33' title="bbox 257 1939 1421 1985; baseline 0.002 -10"><span class='ocrx_word' id='word_1_230' title='bbox 257 1940 387 1977; x_wconf 84' lang='lat' dir='ltr'><strong>acriori</strong></span> <span class='ocrx_word' id='word_1_231' title='bbox 406 1945 519 1978; x_wconf 87' lang='lat' dir='ltr'><strong>vento</strong></span> <span class='ocrx_word' id='word_1_232' title='bbox 538 1941 775 1985; x_wconf 86' lang='lat' dir='ltr'><strong>concitatum,</strong></span> <span class='ocrx_word' id='word_1_233' title='bbox 804 1940 938 1977; x_wconf 87' lang='lat' dir='ltr'><strong>fluctus</strong></span> <span class='ocrx_word' id='word_1_234' title='bbox 957 1939 1062 1985; x_wconf 88' lang='lat' dir='ltr'><strong>ciere,</strong></span> <span class='ocrx_word' id='word_1_235' title='bbox 1084 1944 1122 1976; x_wconf 91' lang='lat' dir='ltr'><strong>et</strong></span> <span class='ocrx_word' id='word_1_236' title='bbox 1139 1939 1238 1976; x_wconf 87' lang='lat' dir='ltr'><strong>inter</strong></span> <span class='ocrx_word' id='word_1_237' title='bbox 1252 1951 1291 1976; x_wconf 91' lang='lat' dir='ltr'><strong>se</strong></span> <span class='ocrx_word' id='word_1_238' title='bbox 1317 1939 1421 1977; x_wconf 87' lang='lat' dir='ltr'><strong>navi-</strong></span> 
     </span>
     <span class='ocr_line' id='line_1_34' title="bbox 254 1992 1424 2043; baseline 0.003 -14"><span class='ocrx_word' id='word_1_239' title='bbox 254 1994 316 2040; x_wconf 82' lang='lat' dir='ltr'><strong>gia</strong></span> <span class='ocrx_word' id='word_1_240' title='bbox 335 1993 522 2031; x_wconf 86' lang='lat' dir='ltr'><strong>collidere.</strong></span> <span class='ocrx_word' id='word_1_241' title='bbox 577 1994 736 2043; x_wconf 88' lang='lat' dir='ltr'><strong>Jamque</strong></span> <span class='ocrx_word' id='word_1_242' title='bbox 755 1993 873 2031; x_wconf 87' lang='lat' dir='ltr'><strong>scindi</strong></span> <span class='ocrx_word' id='word_1_243' title='bbox 892 1997 1089 2041; x_wconf 89' lang='lat' dir='ltr'><strong>coeperant</strong></span> <span class='ocrx_word' id='word_1_244' title='bbox 1109 1992 1266 2039; x_wconf 89' lang='lat' dir='ltr'><strong>vincula,</strong></span> <span class='ocrx_word' id='word_1_245' title='bbox 1287 1993 1424 2041; x_wconf 76' lang='lat' dir='ltr'><strong>quibus</strong></span> 
     </span>
     <span class='ocr_line' id='line_1_35' title="bbox 255 2046 1419 2097; baseline 0.003 -15"><span class='ocrx_word' id='word_1_246' title='bbox 255 2059 444 2084; x_wconf 81' lang='lat' dir='ltr'><strong>connexae</strong></span> <span class='ocrx_word' id='word_1_247' title='bbox 463 2048 713 2097; x_wconf 86' lang='lat' dir='ltr'><strong>quadriremes</strong></span> <span class='ocrx_word' id='word_1_248' title='bbox 732 2052 849 2093; x_wconf 87' lang='lat' dir='ltr'><strong>erant,</strong></span> <span class='ocrx_word' id='word_1_249' title='bbox 877 2059 984 2083; x_wconf 89' lang='lat' dir='ltr'><strong>ruere</strong></span> <span class='ocrx_word' id='word_1_250' title='bbox 1001 2046 1180 2092; x_wconf 84' lang='lat' dir='ltr'><strong>tabulata,</strong></span> <span class='ocrx_word' id='word_1_251' title='bbox 1200 2051 1239 2084; x_wconf 86' lang='lat' dir='ltr'><strong>et</strong></span> <span class='ocrx_word' id='word_1_252' title='bbox 1257 2059 1342 2084; x_wconf 90' lang='lat' dir='ltr'><strong>cum</strong></span> <span class='ocrx_word' id='word_1_253' title='bbox 1362 2047 1419 2085; x_wconf 87' lang='lat' dir='ltr'><strong>in·</strong></span> 
     </span>
     <span class='ocr_line' id='line_1_36' title="bbox 255 2100 1419 2151; baseline 0.002 -14"><span class='ocrx_word' id='word_1_254' title='bbox 255 2101 360 2148; x_wconf 81' lang='lat' dir='ltr'><strong>genti</strong></span> <span class='ocrx_word' id='word_1_255' title='bbox 378 2101 525 2149; x_wconf 83' lang='lat' dir='ltr'><strong>fragore</strong></span> <span class='ocrx_word' id='word_1_256' title='bbox 551 2102 591 2138; x_wconf 92' lang='lat' dir='ltr'><strong>in</strong></span> <span class='ocrx_word' id='word_1_257' title='bbox 609 2101 834 2151; x_wconf 87' lang='lat' dir='ltr'><strong>profundum</strong></span> <span class='ocrx_word' id='word_1_258' title='bbox 855 2113 978 2137; x_wconf 88' lang='lat' dir='ltr'><strong>secum</strong></span> <span class='ocrx_word' id='word_1_259' title='bbox 996 2100 1131 2138; x_wconf 89' lang='lat' dir='ltr'><strong>milites</strong></span> <span class='ocrx_word' id='word_1_260' title='bbox 1149 2100 1298 2151; x_wconf 85' lang='lat' dir='ltr'><strong>trahere</strong></span> <span class='ocrx_word' id='word_1_261' title='bbox 1316 2114 1325 2138; x_wconf 92' lang='lat'>:</span> <span class='ocrx_word' id='word_1_262' title='bbox 1353 2113 1419 2139; x_wconf 87' lang='lat' dir='ltr'><strong>ne-</strong></span> 
     </span>
     <span class='ocr_line' id='line_1_37' title="bbox 254 2154 1418 2204; baseline 0.003 -14"><span class='ocrx_word' id='word_1_263' title='bbox 254 2167 326 2202; x_wconf 90' lang='lat' dir='ltr'><strong>que</strong></span> <span class='ocrx_word' id='word_1_264' title='bbox 340 2155 436 2191; x_wconf 86' lang='lat' dir='ltr'><strong>enim</strong></span> <span class='ocrx_word' id='word_1_265' title='bbox 457 2161 627 2193; x_wconf 86' lang='lat' dir='ltr'><strong>conserta</strong></span> <span class='ocrx_word' id='word_1_266' title='bbox 645 2155 792 2204; x_wconf 84' lang='lat' dir='ltr'><strong>navigia</strong></span> <span class='ocrx_word' id='word_1_267' title='bbox 811 2154 887 2190; x_wconf 85' lang='lat' dir='ltr'><strong>ulla</strong></span> <span class='ocrx_word' id='word_1_268' title='bbox 905 2166 975 2203; x_wconf 87' lang='lat' dir='ltr'><strong>ope</strong></span> <span class='ocrx_word' id='word_1_269' title='bbox 993 2154 1032 2190; x_wconf 90' lang='lat' dir='ltr'><strong>in</strong></span> <span class='ocrx_word' id='word_1_270' title='bbox 1051 2154 1202 2192; x_wconf 91' lang='lat' dir='ltr'><strong>turbido</strong></span> <span class='ocrx_word' id='word_1_271' title='bbox 1214 2154 1294 2203; x_wconf 88' lang='lat' dir='ltr'><strong>regi</strong></span> <span class='ocrx_word' id='word_1_272' title='bbox 1312 2159 1418 2204; x_wconf 83' lang='lat' dir='ltr'><strong>pote—</strong></span> 
     </span>
     <span class='ocr_line' id='line_1_38' title="bbox 253 2207 1417 2253; baseline 0.003 -10"><span class='ocrx_word' id='word_1_273' title='bbox 253 2214 366 2246; x_wconf 85' lang='lat' dir='ltr'><strong>rant:</strong></span> <span class='ocrx_word' id='word_1_274' title='bbox 394 2208 498 2245; x_wconf 89' lang='lat' dir='ltr'><strong>miles</strong></span> <span class='ocrx_word' id='word_1_275' title='bbox 526 2209 729 2247; x_wconf 80' lang='lat' dir='ltr'><strong>ministeria</strong></span> <span class='ocrx_word' id='word_1_276' title='bbox 755 2215 964 2253; x_wconf 83' lang='lat' dir='ltr'><strong>nautarum,</strong></span> <span class='ocrx_word' id='word_1_277' title='bbox 994 2220 1119 2245; x_wconf 83' lang='lat' dir='ltr'><strong>remex</strong></span> <span class='ocrx_word' id='word_1_278' title='bbox 1144 2207 1272 2246; x_wconf 86' lang='lat' dir='ltr'><strong>militis</strong></span> <span class='ocrx_word' id='word_1_279' title='bbox 1298 2208 1417 2246; x_wconf 82' lang='lat' dir='ltr'><strong>officia</strong></span> 
     </span>
     <span class='ocr_line' id='line_1_39' title="bbox 254 2261 1463 2311; baseline 0 -13"><span class='ocrx_word' id='word_1_280' title='bbox 254 2262 451 2306; x_wconf 85' lang='lat' dir='ltr'><strong>turbabat;</strong></span> <span class='ocrx_word' id='word_1_281' title='bbox 482 2267 530 2307; x_wconf 87' lang='lat' dir='ltr'><strong>et,</strong></span> <span class='ocrx_word' id='word_1_282' title='bbox 553 2263 653 2311; x_wconf 90' lang='lat' dir='ltr'><strong>quod</strong></span> <span class='ocrx_word' id='word_1_283' title='bbox 671 2263 710 2299; x_wconf 90' lang='lat' dir='ltr'><strong>in</strong></span> <span class='ocrx_word' id='word_1_284' title='bbox 729 2262 941 2310; x_wconf 83' lang='lat' dir='ltr'><strong>hujusmodi</strong></span> <span class='ocrx_word' id='word_1_285' title='bbox 960 2274 1045 2299; x_wconf 86' lang='lat' dir='ltr'><strong>casu</strong></span> <span class='ocrx_word' id='word_1_286' title='bbox 1064 2261 1211 2307; x_wconf 87' lang='lat' dir='ltr'><strong>accidit,</strong></span> <span class='ocrx_word' id='word_1_287' title='bbox 1231 2261 1341 2311; x_wconf 87' lang='lat' dir='ltr'><strong>periti</strong></span> <span class='ocrx_word' id='word_1_288' title='bbox 1357 2261 1415 2310; x_wconf 87' lang='lat' dir='ltr'><strong>ig-</strong></span> <span class='ocrx_word' id='word_1_289' title='bbox 1461 2285 1463 2287; x_wconf 96' lang='lat'>-</span> 
     </span>
     <span class='ocr_line' id='line_1_40' title="bbox 251 2315 1416 2365; baseline 0.001 -14"><span class='ocrx_word' id='word_1_290' title='bbox 251 2315 349 2352; x_wconf 85' lang='lat' dir='ltr'><strong>naris</strong></span> <span class='ocrx_word' id='word_1_291' title='bbox 384 2316 592 2364; x_wconf 88' lang='lat' dir='ltr'><strong>parebant:</strong></span> <span class='ocrx_word' id='word_1_292' title='bbox 632 2316 767 2365; x_wconf 90' lang='lat' dir='ltr'><strong>quippe</strong></span> <span class='ocrx_word' id='word_1_293' title='bbox 803 2316 1081 2364; x_wconf 81' lang='lat' dir='ltr'><strong>gubernatores,</strong></span> <span class='ocrx_word' id='word_1_294' title='bbox 1118 2315 1208 2353; x_wconf 87' lang='lat' dir='ltr'><strong>alias</strong></span> <span class='ocrx_word' id='word_1_295' title='bbox 1235 2316 1416 2365; x_wconf 84' lang='lat' dir='ltr'><strong>imperare</strong></span> 
     </span>
     <span class='ocr_line' id='line_1_41' title="bbox 250 2369 1414 2418; baseline 0.001 -13"><span class='ocrx_word' id='word_1_296' title='bbox 250 2369 359 2414; x_wconf 88' lang='lat' dir='ltr'><strong>soliti,</strong></span> <span class='ocrx_word' id='word_1_297' title='bbox 380 2376 459 2406; x_wconf 88' lang='lat' dir='ltr'><strong>tum</strong></span> <span class='ocrx_word' id='word_1_298' title='bbox 478 2375 579 2407; x_wconf 81' lang='lat' dir='ltr'><strong>metu</strong></span> <span class='ocrx_word' id='word_1_299' title='bbox 607 2370 734 2407; x_wconf 84' lang='lat' dir='ltr'><strong>mortis</strong></span> <span class='ocrx_word' id='word_1_300' title='bbox 755 2369 857 2418; x_wconf 81' lang='lat' dir='ltr'><strong>jussa</strong></span> <span class='ocrx_word' id='word_1_301' title='bbox 883 2370 1189 2418; x_wconf 78' lang='lat' dir='ltr'><strong>exsequebantur.</strong></span> <span class='ocrx_word' id='word_1_302' title='bbox 1246 2369 1414 2406; x_wconf 87' lang='lat' dir='ltr'><strong>Tandem</strong></span> 
     </span>
     <span class='ocr_line' id='line_1_42' title="bbox 248 2421 1416 2473; baseline 0.003 -15"><span class='ocrx_word' id='word_1_303' title='bbox 248 2423 356 2461; x_wconf 85' lang='lat' dir='ltr'><strong>remis</strong></span> <span class='ocrx_word' id='word_1_304' title='bbox 384 2423 607 2473; x_wconf 84' lang='lat' dir='ltr'><strong>pertinacius</strong></span> <span class='ocrx_word' id='word_1_305' title='bbox 627 2424 878 2461; x_wconf 80' lang='lat' dir='ltr'><strong>everberatum</strong></span> <span class='ocrx_word' id='word_1_306' title='bbox 900 2436 1011 2469; x_wconf 86' lang='lat' dir='ltr'><strong>mare,</strong></span> <span class='ocrx_word' id='word_1_307' title='bbox 1033 2423 1147 2462; x_wconf 88' lang='lat' dir='ltr'><strong>veluti</strong></span> <span class='ocrx_word' id='word_1_308' title='bbox 1173 2421 1416 2472; x_wconf 71' lang='lat' dir='ltr'><strong>eripientibus</strong></span> 
     </span>
    </p>
   </div>
  </div>
 </body>
</html>
