1496 2671
174 219 226 254 40
513 213 784 253 CORNELII
814 213 1058 254 NEPOTIS

173 326 275 362 terre
308 324 571 368 meditaretur,
593 335 693 360 nono
726 336 827 360 anno
852 329 1056 372 postquam
1074 323 1115 360 in
1137 323 1368 373 Hispaniam

174 385 344 422 venerat,
366 379 407 414 in
433 378 579 426 proelio
609 390 786 426 pugnans
805 377 990 415 adversus
1008 377 1199 415 Vettones
1219 378 1368 415 occisus

173 438 244 469 est.
303 431 434 479 Hujus
455 437 684 480 perpetuum
704 431 833 467 odium
858 443 951 479 erga
978 430 1172 468 Romanos
1200 432 1369 468 maxime

173 485 386 522 concitasse
409 485 561 522 videtur
581 485 791 521 secundum
811 484 954 520 bellum
982 484 1190 521 Punicum.
1245 485 1369 522 Nam-

174 552 250 588 que
271 539 481 584 Hannibal,
503 539 606 575 filius
635 537 730 586 ejus,
764 538 926 574 assiduis
953 538 1073 586 patris
1103 539 1369 575 obtestationi-

175 594 258 638 bus,
280 605 324 629 eo
343 599 401 630 est
421 593 640 640 perductus,
661 597 705 628 ut
724 592 895 637 interire,
916 604 1032 640 quam
1067 591 1262 629 Romanos
1292 605 1370 629 non

176 646 360 695 experiri,
383 646 527 683 mallet.

512 820 682 857 XXIII.
714 819 1034 857 HANNIBAL.

179 920 281 958 CAP.
310 920 343 956 ].
401 918 615 962 Hannibal,
646 917 818 954 omnibus
858 917 1020 954 ducibus
1055 917 1190 969 major,
1218 930 1373 956 suorum

569 971 793 1008 debilitatur
819 970 981 1008 invidie.

233 1061 472 1104 HANNIBAL,
506 1058 743 1096 Hamilcaris
776 1058 892 1104 filius,
925 1057 1272 1107 Carthaginiensis.
1331 1058 1374 1097 Si

178 1127 315 1152 verum
343 1120 412 1157 est,
443 1113 546 1162 quod
573 1125 686 1149 nemo
717 1112 880 1157 dubitat,
909 1118 952 1149 ut
979 1112 1144 1161 populus
1176 1113 1374 1150 Romanus

178 1180 310 1205 omnes
342 1173 478 1216 gentes
511 1167 658 1204 virtute
681 1166 883 1214 superarit,
917 1178 993 1202 non
1023 1171 1081 1203 est
1110 1166 1373 1211 inficiandum,

180 1221 444 1259 Hannibalem
479 1226 588 1257 tanto
627 1220 865 1269 praestitisse
907 1225 1077 1257 caeteros
1122 1221 1375 1269 imperatores

178 1272 396 1324 prudentia,
417 1279 562 1323 quanto
582 1273 747 1322 populus
767 1273 964 1310 Romanus
989 1274 1190 1311 antecedat
1217 1274 1374 1310 fortitu·

178 1330 269 1367 dine
301 1334 460 1365 cunctas
490 1327 677 1364 nationes.
736 1327 839 1364 Nam
876 1327 1180 1375 quotiescunque
1213 1340 1301 1364 cum
1331 1340 1376 1365 eo

179 1394 406 1429 congressus
443 1387 502 1418 est
539 1381 580 1416 in
617 1380 746 1426 Italia,
785 1393 936 1428 semper
972 1381 1148 1418 discessit
1186 1381 1376 1430 superior.

180 1435 295 1482 Quod
314 1436 389 1472 nisi
409 1435 511 1472 domi
531 1434 676 1472 civium
692 1447 849 1471 suorum
864 1432 1014 1471 invidia
1027 1434 1251 1471 debilitatus
1264 1441 1375 1480 esset,

181 1491 374 1527 Romanos
412 1489 566 1526 videtur
604 1500 785 1536 superare
815 1488 997 1536 potuisse.
1058 1487 1132 1526 Sed
1167 1489 1376 1526 multorum

179 1543 410 1581 obtrectatio
430 1543 573 1579 devicit
595 1542 711 1578 unius
735 1542 935 1579 virtutem.
992 1541 1070 1578 Hic
1101 1547 1242 1588 autem,
1269 1543 1378 1579 velut

179 1597 418 1635 haereditate
447 1596 637 1640 relictum,
665 1595 796 1632 odium
826 1602 1032 1644 paternum
1061 1608 1154 1645 erga
1182 1596 1378 1633 Romanos

179 1652 235 1689 sic
254 1651 510 1694 confirmavit,
531 1656 574 1686 ut
595 1649 703 1698 prjus
722 1649 900 1694 animam,
923 1661 1038 1696 quam
1058 1649 1112 1694 id,
1131 1649 1375 1698 deposuerit:

179 1705 246 1753 qui
283 1705 452 1754 quidem,
491 1716 580 1740 cum
618 1700 745 1751 patria
783 1703 914 1751 pulsus
948 1708 1059 1747 esset,
1095 1709 1133 1739 et
1164 1703 1377 1740 alienarum

179 1771 296 1806 opum
314 1758 519 1807 indigeret,
542 1769 740 1806 nunquam
759 1756 952 1793 destiterit
971 1755 1098 1793 animo
1117 1756 1261 1794 bellare
1288 1769 1377 1794 cum

180 1811 380 1850 Romanis.

182 1962 281 2000 CAP.
303 1962 362 1999 II.
424 1961 628 1999 Hannibal
655 1967 792 1997 eontra
821 1960 1019 1998 Romanos
1044 1962 1210 1998 concitat
1227 1961 1378 2013 Philip-

221 2028 317 2065 pum
336 2022 371 2052 ec
390 2014 640 2061 Antiochum,
662 2014 706 2051 ob
726 2013 1032 2052 haereditarium
1051 2016 1092 2052 in
1112 2028 1172 2052 eos
1191 2015 1336 2053 odium.

235 2089 348 2134 ΝΑΜ,
381 2096 425 2127 ut
456 2090 631 2126 omittam
664 2088 902 2138 Philippum,
933 2102 1048 2138 quem
1075 2091 1212 2127 absens
1230 2091 1378 2128 hostem

181 2144 349 2181 reddidit
374 2143 573 2188 Romanis,
596 2143 768 2180 omnium
795 2144 856 2180 his
885 2144 1124 2192 temporibus
1156 2144 1378 2193 potentissi-

181 2210 267 2234 mus
286 2210 358 2234 rex
376 2197 597 2234 Antiochus
616 2197 703 2234 fuit.
761 2199 879 2234 Hunc
898 2199 1007 2234 tanta
1019 2197 1231 2247 cupiditate
1246 2197 1379 2235 incen-

181 2251 240 2287 dit
268 2251 449 2295 bellandi,
472 2257 514 2287 ut
545 2262 670 2299 usque
689 2263 710 2288 a
729 2251 865 2288 Rubro
891 2251 994 2288 Mari
1021 2264 1127 2288 arma
1150 2257 1310 2289 conatus
1328 2251 1380 2288 sit

183 2304 328 2342 inferre
340 2304 489 2341 Italiae.
547 2305 614 2340 Ad
629 2317 742 2352 quem
755 2318 843 2343 cum
857 2304 975 2353 legati
991 2305 1189 2342 venissent
1201 2304 1378 2349 Romani,

182 2359 251 2406 qui
283 2359 331 2395 de
363 2357 447 2406 ejus
478 2357 678 2395 voluntate
701 2360 961 2408 explorarent,
983 2359 1196 2408 darentque
1223 2370 1380 2406 operam

183 2412 354 2450 consiliis
387 2411 649 2457 clandestinis,
678 2419 720 2449 ut
754 2411 1016 2450 Hannibalem
1049 2413 1089 2449 in
1121 2411 1380 2461 suspicionem

183 2466 267 2515 regi
305 2466 551 2512 adducerent,
592 2471 773 2515 tanquam
814 2468 862 2504 ab
899 2467 994 2515 ipsis
1033 2471 1270 2515 corruptum,
1304 2465 1380 2503 alia
