1496 2671
464 179 758 218 AGRICOLAE
788 180 931 218 VITA.
1241 180 1291 219 27

109 287 289 324 adstruere
307 287 447 324 fortuna
461 294 600 336 poterat
618 286 638 323 Ρ
695 285 837 337 Opibus
855 287 976 324 nimiis
993 299 1065 323 non
1084 286 1264 335 gaudebat
1282 300 1291 334 3

109 341 283 390 speciosae
329 341 572 388 contigerant:
620 340 694 377 filia
729 348 838 389 atque
877 353 992 378 uxore
1025 340 1293 390 superstitibus,

108 400 223 442 potest
257 394 369 431 videri
397 394 507 430 etiam
537 394 674 440 beatus,
712 394 884 431 incolumi
922 394 1105 441 dignitate,
1144 393 1293 431 florente

105 445 218 492 fama,
254 447 362 495 salvis
396 447 641 484 adfinitatibus
673 453 710 483 et
736 448 916 493 amicitiis,
955 447 1075 485 sutura
1109 448 1289 496 effugisse.

105 499 205 536 Nam
224 501 328 537 sicuti
348 501 475 537 durare
491 502 526 537 in
547 499 619 537 hac
637 501 833 537 beatissimi
863 501 989 538 saeculi
1009 502 1106 546 luce,
1125 514 1172 539 ac
1190 503 1288 551 prin-

106 553 226 602 cipem
261 553 461 602 Trajanum
503 553 636 599 videre,
678 553 775 602 quod
811 555 962 602 augurio
999 556 1161 603 votisque
1190 555 1289 604 apud

106 612 245 644 nostras
271 620 376 645 aures
413 607 666 645 ominabatur:
714 608 764 644 ita
792 607 968 645 festinatae
998 608 1120 645 mortis
1148 607 1284 656 grande

103 659 271 697 solatium
309 661 398 707 tulit,
436 662 597 698 evasisse
633 667 857 710 postremum
894 661 981 697 illud
1014 667 1174 710 tempuS,
1213 674 1286 710 quo

105 710 338 751 Domitianus
366 727 439 751 non
463 714 542 762 jam
567 727 632 763 per
659 714 847 751 intervalla
876 726 921 749 ac
949 716 1171 763 spiramenta
1197 721 1290 752 tem-

105 778 246 815 porum,
287 767 348 804 sed
378 769 564 814 continuo,
592 774 628 804 et
656 769 755 805 velut
790 779 864 803 uno
893 767 981 814 ictu,
1019 768 1286 817 rempublicam

106 818 288 859 exhausit.

160 872 282 911 XLV.
311 874 397 911 Non
427 875 513 912 vidit
541 875 713 924 Agricola
743 875 928 912 obsessam
949 876 1104 922 curiam,
1122 881 1160 912 et
1187 876 1289 911 clau-

105 939 187 964 sum
215 928 324 965 armis
351 935 533 974 senatum,
569 936 606 966 et
639 928 772 966 eadem
808 935 924 977 strage
951 934 1004 965 tot
1037 928 1287 966 consularium

107 979 239 1028 caedes,
268 987 319 1018 tot
346 982 650 1019 nobilissimarum
686 981 905 1019 seminarum
940 982 1072 1019 exsilia
1098 988 1135 1020 et
1170 980 1288 1031 sugas,

108 1033 192 1071 Una
228 1034 350 1072 adhuc
377 1036 528 1073 victoria
556 1036 674 1074 Carus
711 1036 848 1073 Metius
877 1036 1105 1083 censebatur,
1133 1040 1170 1072 et
1196 1035 1290 1072 intra

105 1087 294 1125 Albanam
323 1101 447 1126 arcem
467 1090 645 1127 sententia
671 1088 862 1128 Messalini
890 1090 1082 1139 strepebat,
1101 1095 1137 1127 et
1163 1088 1291 1126 Massa

105 1139 244 1179 Bebius
259 1141 338 1190 jam
364 1148 442 1180 tum
470 1156 552 1181 reus
579 1150 666 1182 erat.
723 1143 820 1180 Mox
848 1149 978 1181 nostrae
997 1142 1137 1180 duxere
1155 1141 1288 1179 Helvi‘

104 1192 204 1231 dium
220 1197 257 1232 in
277 1208 463 1234 carcerem
491 1209 647 1234 manus:
676 1209 743 1233 nos
758 1196 931 1242 Maurici,
947 1196 1162 1246 Rusticique
1176 1197 1290 1242 visus,

102 1259 170 1284 nos
204 1249 389 1286 innocenti
417 1251 592 1297 sanguine
628 1251 783 1288 Senecio
810 1249 980 1299 perfudit.
1038 1249 1138 1287 Nero
1165 1256 1292 1286 tamen

105 1301 283 1339 subtraxit
310 1304 448 1349 oculos,
475 1301 652 1353 jussitque
681 1305 831 1350 scelera,
853 1316 926 1340 non
955 1305 1162 1353 spectavit:
1192 1315 1288 1353 prae-

105 1354 214 1404 cipua
241 1356 308 1393 sub
345 1355 557 1392 Domitiano
595 1357 823 1394 miseriarum
857 1369 941 1406 pars
969 1364 1057 1404 erat,
1090 1356 1214 1394 videre
1250 1364 1288 1393 et

104 1409 218 1458 aspici
238 1424 247 1447 :
278 1422 365 1446 cum
384 1409 539 1458 suspiria
559 1416 679 1446 nostra
698 1410 1008 1447 subscriberentur
1028 1425 1037 1448 :
1066 1424 1155 1447 cum
1173 1410 1287 1447 deno-

104 1461 223 1500 tandis
240 1469 291 1500 tot
311 1461 501 1500 hominum
521 1463 718 1512 palloribus
736 1464 916 1500 sufficeret
943 1476 1065 1501 saevus
1083 1464 1142 1501 ille
1170 1463 1292 1501 vultus

105 1520 141 1551 et
167 1516 285 1562 rubor,
323 1529 395 1565 quo
423 1528 461 1553 se
499 1522 625 1553 contra
652 1516 830 1566 pudorem
859 1517 1069 1556 muniebats
1113 1516 1173 1553 Tu
1201 1529 1289 1554 vero

104 1568 205 1616 felix,
242 1570 428 1618 Agricola,
465 1582 539 1606 non
575 1571 659 1607 vitae
695 1576 837 1607 tantum
875 1570 1048 1617 claritate,
1086 1570 1149 1607 sed
1176 1572 1289 1608 etiam

105 1625 370 1672 opportunitate
417 1624 563 1660 mortis:
613 1629 652 1660 ut
697 1623 902 1674 perhibent,
945 1624 1007 1673 qui
1048 1623 1289 1661 interfuerunt

104 1677 309 1714 novissimis
337 1677 564 1714 sermonibus
600 1678 682 1721 tuis,
729 1683 900 1714 constans
945 1684 982 1713 et
1013 1678 1131 1714 libens
1169 1677 1284 1715 satum

104 1730 295 1780 excepisti,
314 1736 489 1780 tanquam
517 1743 581 1780 pro
609 1731 701 1768 virili
729 1732 893 1780 portione
914 1731 1160 1767 innocentiam
1190 1732 1290 1780 prin-

107 1784 180 1832 cipi
217 1783 381 1822 donares.
440 1783 511 1821 Sed
549 1783 638 1822 mihi
673 1784 847 1833 filiaeque,
884 1791 1015 1834 praeter
1052 1784 1287 1821 acerbitatem

103 1838 261 1885 parentis
292 1838 417 1888 erepti,
447 1844 554 1885 auget
587 1839 806 1884 moestitiam,
833 1837 930 1887 quod
959 1836 1120 1874 adsidere
1148 1838 1290 1875 valetu-

105 1889 192 1933 dini,
225 1890 347 1929 sovere
374 1891 621 1938 deficientem,
655 1892 774 1929 satiari
812 1892 926 1937 vultu,
965 1891 1177 1940 complexu,
1215 1903 1292 1928 non

106 1944 277 1992 contigit:
323 1946 601 1995 excepissemus
638 1951 733 1983 certe
770 1944 944 1981 mandata
971 1956 1168 1994 vocesque,
1198 1957 1290 1993 quas

105 1998 250 2045 penitus
287 1999 410 2035 animo
449 1999 653 2048 figeremus.
725 1995 859 2036 Noster
896 1997 957 2034 hic
984 1996 1095 2045 dolor,
1125 2004 1289 2035 nostrum

103 2050 237 2088 vulnus
258 2065 266 2088 :
296 2052 400 2087 nobis
428 2058 502 2088 tam
530 2053 644 2101 longae
664 2052 837 2090 absentiae
864 2051 1070 2088 conditione
1091 2057 1175 2088 ante
1196 2064 1288 2101 qua-

104 2101 309 2140 driennium
329 2105 484 2142 amissus
501 2117 552 2145 es.
611 2104 748 2142 Omnia
766 2106 844 2142 sine
863 2104 987 2150 dubio,
1001 2106 1137 2153 optime
1155 2116 1290 2154 paren-

105 2162 196 2204 tum,
233 2156 418 2194 adsidente
455 2160 702 2196 amantissima
742 2171 867 2206 uxore,
908 2159 1118 2206 superfuere
1160 2157 1291 2196 honori

104 2216 166 2246 tuo
181 2225 190 2248 t
220 2212 451 2260 paucioribus
469 2217 592 2249 tamen
612 2214 784 2261 lacrymis
802 2213 1025 2261 compositus
1043 2223 1096 2260 es,
1112 2218 1148 2249 et
1168 2213 1290 2249 novis«

104 2263 196 2300 sima
215 2264 249 2300 in
270 2265 352 2301 luce
371 2265 619 2302 desideravere
636 2265 771 2314 aliquid
791 2267 885 2303 oculi
905 2267 968 2303 tui.

158 2317 299 2355 XLVI.
330 2317 368 2355 Si
396 2319 476 2368 quis
508 2316 649 2368 piorum
684 2320 855 2357 manibus
882 2320 1016 2367 locus3
1046 2320 1089 2366 si,
1118 2325 1158 2356 ut
1192 2319 1290 2368 sapi—

103 2370 245 2408 entibus
281 2372 414 2420 placet,
442 2383 519 2408 non
547 2384 633 2409 cum
662 2385 812 2423 corpore
839 2374 1120 2423 exstinguuntur
1148 2384 1291 2421 magnae

103 2425 260 2462 animae:
291 2423 433 2474 placide
463 2426 642 2474 quiescas,
671 2438 824 2477 nosque,
854 2426 1006 2465 domum
1024 2434 1138 2473 tuam,
1160 2425 1206 2461 ab
1235 2426 1289 2462 in·-
