1496 2671
183 186 236 220 40
522 184 565 221 G.
596 183 750 222 JULII
781 183 1040 222 CAESARIS

179 290 449 328 committendi
486 290 611 339 praelii
648 290 911 341 convenerat),
951 292 1007 329 ita
1045 296 1086 328 ut
1117 291 1221 329 intra
1258 291 1375 330 silvas

181 344 303 382 aciem
316 344 545 393 ordinesque
558 345 837 382 constituerant
851 352 966 394 atque
982 345 1056 394 ipsi
1072 357 1153 382 sese
1172 345 1376 383 confirma-

180 404 330 442 verant,
351 397 479 435 subito
500 398 678 435 omnibus
704 399 824 447 copiis
847 399 1150 448 provolaverunt
1170 399 1376 447 impetum·

179 463 256 500 que
286 451 327 487 in
360 456 511 488 nostros
542 451 690 499 equites
717 451 907 489 fecerunt.
965 452 1041 489 His
1059 451 1173 490 facile
1192 452 1313 501 pulsis
1333 464 1378 490 ae

181 505 429 553 proturbatis,
473 505 692 542 incredibili
737 505 934 543 celeritate
971 506 1020 543 ad
1056 505 1201 543 flumen
1238 506 1375 543 decur-

180 563 327 603 rerunt,
349 563 393 595 ut
412 567 521 607 paene
541 571 618 595 uno
636 565 808 607 tempore
828 565 866 596 et
886 559 934 596 ad
953 558 1070 596 silvas
1089 565 1128 596 et
1149 559 1191 595 in
1218 559 1379 596 flumine

179 617 220 648 et
245 610 329 659 jam
353 611 395 647 in
418 612 596 650 manibus
622 613 763 649 nostris
783 612 913 649 hostes
933 612 1174 650 viderentur.
1229 609 1379 650 Eadem

181 670 311 702 autem
344 665 540 702 celeritate
574 666 736 703 adverso
767 665 862 702 colle
890 665 940 702 ad
968 671 1100 702 nostra
1119 670 1244 702 castra
1263 671 1379 714 atque

180 730 259 763 805,
279 719 346 767 qui
366 720 407 755 in
427 731 542 767 opere
561 719 739 768 occupati
759 724 881 764 erant,
903 719 1200 756 contenderunt.

234 772 332 809 XX.
365 771 509 810 Caesari
530 773 659 810 omnia
678 785 754 809 uno
776 778 947 820 tempore
966 777 1076 810 erant
1094 772 1259 821 agenda:
1281 783 1377 809 vex-

181 825 292 862 illum
320 826 624 875 proponendum,
645 826 748 874 quod
774 832 857 862 erat
881 826 1045 875 insigne,
1066 838 1187 875 quum
1206 825 1255 863 ad
1273 837 1381 863 arma

180 879 358 916 concurri
398 884 607 928 oporteret:
641 880 797 928 signum
829 880 925 916 tuba
957 879 1142 917 dandum:
1180 880 1229 916 ab
1262 891 1379 927 opere

181 933 389 970 revocandi
419 932 576 970 milites:
608 933 674 981 qui
705 932 834 981 paullo
861 932 1016 982 longius
1045 932 1198 982 aggeris
1223 932 1382 982 petendi

182 983 298 1023 causa
317 992 596 1034 processerant,
612 986 846 1023 arcessendi:
867 986 967 1024 acies
986 986 1223 1031 instruenda,
1237 985 1382 1023 milites

182 1039 420 1084 cohortandi,
451 1039 605 1088 signum
639 1039 824 1077 dandum:
853 1052 1017 1088 quarum
1044 1052 1175 1077 rerum
1202 1051 1383 1088 magnam

181 1099 331 1142 partem
351 1093 536 1142 temporis
555 1093 738 1139 brevitas,
758 1100 796 1131 et
815 1105 1013 1131 successus
1033 1099 1071 1131 et
1095 1093 1274 1131 incursus
1293 1092 1382 1130 hos-

182 1147 282 1183 tium
314 1147 560 1196 impediebat.
618 1147 694 1184 His
727 1147 1020 1184 difficultatibus
1051 1147 1137 1184 duae
1170 1158 1232 1184 res
1270 1150 1382 1184 erant

183 1200 366 1246 subsidio,
388 1200 549 1238 scientia
569 1206 685 1250 atque
698 1213 790 1238 usus
804 1200 983 1246 militurn,
1000 1200 1102 1249 quod
1118 1199 1382 1248 superioribus

182 1254 327 1303 praeliis
350 1254 571 1300 exercitati,
590 1254 684 1303 quid
702 1255 788 1292 fieri
808 1259 1013 1303 oporteret,
1033 1266 1110 1291 non
1129 1254 1258 1291 minus
1277 1265 1381 1291 com·

183 1308 294 1345 mode
321 1308 397 1356 ipsi
425 1307 498 1345 sibi
525 1308 775 1356 praescribere
799 1320 914 1356 quam
943 1308 991 1344 ab
1017 1307 1103 1344 aliis
1124 1307 1253 1344 doceri
1272 1311 1381 1356 pote-

184 1366 289 1405 rant3
318 1367 357 1398 et
383 1361 485 1410 quod
507 1363 555 1398 ab
575 1373 690 1410 opere
710 1361 950 1423 singulisque
963 1360 1188 1422 legionibus
1208 1359 1382 1410 singulos

183 1415 331 1464 legatos
353 1414 482 1452 Caesar
502 1415 708 1459 discedere,
730 1415 805 1451 nisi
834 1414 994 1451 munitis
1021 1414 1168 1459 castris,
1189 1418 1380 1451 vetuerat.

186 1468 242 1505 Hi
262 1474 419 1516 propter
438 1467 767 1529 propinquitatem
787 1473 826 1505 et
844 1467 1083 1505 celeritatem
1097 1467 1269 1505 hostium
1284 1466 1382 1503 nihil

177 1521 261 1570 jam
281 1520 475 1559 Caesaris'
465 1522 672 1570 1mperium
688 1523 924 1571 spectabant,
942 1521 1008 1559 sed
1027 1533 1097 1571 per
1114 1533 1154 1558 se
1169 1532 1256 1570 quae
1271 1520 1384 1558 vide-

184 1577 326 1613 bantur
352 1575 687 1612 administlabant.

239 1628 359 1665 XXI.
392 1627 533 1673 Caesar,
563 1629 790 1666 necessariis
819 1630 933 1666 rebus
959 1629 1169 1678 imperatis,
1190 1628 1240 1666 ad
1265 1628 1382 1666 cohor

185 1683 323 1720 tandos
352 1682 507 1727 milites,
527 1695 643 1731 quam
672 1683 712 1718 in
740 1688 890 1731 partem
918 1681 998 1719 sors
1026 1682 1177 1728 obtulit,
1199 1682 1384 1728 decurrit,

185 1743 224 1774 et
244 1737 292 1773 ad
311 1736 501 1785 legionem
521 1736 708 1773 decimam
727 1736 896 1773 devenit.
954 1735 1103 1773 Milites
1119 1748 1195 1773 non
1210 1735 1385 1784 longiore

185 1790 360 1827 oratione
395 1790 628 1834 cohortatus,
668 1802 783 1838 quam
821 1790 879 1826 uti
908 1800 986 1826 suae
1016 1789 1190 1838 pristinae
1223 1788 1383 1826 virtutis

185 1843 409 1881 memoriam
428 1843 652 1888 retinerent,
674 1856 750 1881 neu
776 1843 1097 1892 perturbarentur
1115 1843 1244 1880 animo
1263 1841 1384 1879 hosti·

186 1909 329 1945 nmque
362 1897 550 1946 impetum
574 1896 728 1934 fortiter
747 1896 993 1942 sustinerent,
1014 1897 1116 1944 quod
1135 1908 1213 1933 non
1230 1895 1384 1945 longius

186 1951 316 1988 hostes
349 1951 522 1996 aberant,
554 1963 669 1999 quam
702 1963 779 2000 quo
806 1951 927 1988 telum
956 1949 1070 1998 adjici
1099 1954 1239 1999 posset,
1258 1949 1384 1998 praelii

187 2004 453 2041 committendi
485 2004 640 2052 signum
670 2004 786 2041 dedit.
845 2004 978 2052 Atque
996 2004 1038 2039 in
1057 2003 1216 2041 alteram
1235 2008 1386 2052 partem

186 2059 280 2094 item
309 2058 534 2095 cohortandi
563 2060 678 2095 causa
697 2057 903 2107 profectus,
923 2057 1187 2107 pugnantibus
1206 2056 1386 2094 occurrit.

189 2111 392 2160 Temporis
412 2116 520 2148 tanta
539 2111 614 2148 fuit
634 2111 829 2161 exiguitas
849 2111 1096 2160 hostiumque
1119 2118 1198 2148 tam
1226 2115 1384 2160 paratus

187 2165 236 2202 ad
264 2164 525 2201 dimicandum
545 2164 708 2211 animus,
730 2170 774 2201 ut
801 2177 878 2201 non
907 2165 1019 2201 modo
1047 2165 1095 2202 ad
1122 2164 1294 2213 insignia
1320 2175 1383 2201 ac-

187 2218 474 2264 commodanda,
492 2218 558 2255 sed
578 2219 694 2255 etiam
714 2218 761 2255 ad
780 2218 909 2266 galeas
927 2218 1165 2256 inducendas
1185 2217 1383 2266 scutisque

188 2272 401 2321 tegimenta
420 2272 656 2309 detrahenda
671 2277 822 2321 tempus
837 2271 1015 2309 defuerit.
1075 2271 1200 2318 Quam
1219 2271 1382 2320 quisque

188 2326 231 2363 in
249 2330 399 2375 partem
419 2326 466 2362 ab
491 2338 606 2374 opere
634 2338 726 2363 casu
754 2326 923 2372 devenit,
944 2337 1107 2375 quaeque
1126 2325 1251 2375 prima
1272 2325 1382 2373 signa

188 2379 402 2427 conspexit,
423 2378 472 2416 ad
489 2379 572 2416 haec
592 2379 777 2425 constitit,
799 2392 847 2418 ne
875 2380 916 2417 in
944 2380 1162 2428 quaerendis
1183 2379 1261 2417 suis
1281 2389 1377 2428 pug-

191 2433 308 2470 nandi
327 2437 479 2482 tempus
500 2432 723 2471 dimitteret.
