1496 2671
184 252 231 290 50
516 249 786 289 CORNELII
815 249 1061 290 NEPOTI&

177 369 307 405 Auxit
327 368 397 404 hoc
418 364 586 402 officium
605 360 681 400 ali-a
699 374 852 411 quoque
879 361 1135 405 liberalitate3
1164 374 1252 398 nam
1283 358 1370 397 uni-

178 435 307 459 versos
344 420 539 457 frumento
571 417 741 460 donavit,
779 417 835 453 ita
870 423 911 452 ut
943 415 1108 464 singulis
1144 427 1213 453 sex
1250 414 1370 452 modii

174 477 294 512 tritici
342 475 555 515 darentur3
609 472 676 519 qui
723 470 859 507 modus
905 481 1107 506 mensurae
1152 469 1373 506 medimnus

175 529 345 567 Athenis
365 526 593 577 appellatur.

354 669 452 707 CAP.
475 668 553 705 III.
611 668 764 704 Atticus
784 665 947 704 Athenis
965 665 1188 702 honoratus.

227 748 309 784 HIC
330 752 458 784 autem
479 746 533 782 sic
553 757 593 782 se
612 745 783 793 gerebat,
805 749 849 780 ut
874 742 1088 780 communis
1115 742 1270 788 infimis,
1301 754 1372 791 par

172 801 413 851 principibus
433 800 643 836 videretur.
703 796 790 843 Quo
809 797 954 833 factum
975 803 1045 842 est,
1067 801 1110 833 ut
1129 797 1221 837 huic
1239 809 1375 834 omnes

172 857 345 897 honores,
392 865 488 901 quos
527 858 693 901 possent,
742 851 896 900 publice
933 851 1131 894 haberent,
1170 850 1372 900 civemque

170 910 297 946 facere
318 908 529 944 studerent.
589 904 675 951 Quo
705 905 893 942 beneficio
921 904 988 941 ille
1016 904 1074 941 uti
1102 903 1241 949 noluit,
1269 903 1372 952 quod

169 961 346 999 nonnulli
366 961 421 998 ita
441 961 759 1008 interpretantur,
780 959 906 995 amitti
926 958 1124 995 civitatem
1144 958 1372 1002 Romanam,

169 1017 246 1053 alia
292 1016 451 1052 adscita.
511 1012 706 1059 Quamdiu
753 1012 876 1057 affuit,
924 1025 972 1049 ne
1009 1024 1086 1060 qua
1123 1011 1197 1048 sibi
1243 1017 1373 1049 statua

168 1076 389 1119 poneretur,
438 1068 582 1105 restitit
602 1081 612 1110 ;
668 1068 806 1104 absens
852 1066 1060 1115 prohibere
1105 1078 1183 1103 non
1230 1064 1373 1113 potuit.

169 1125 306 1171 Itaque
326 1123 472 1171 aliquot
491 1121 579 1169 ipsi,
596 1126 635 1157 et
653 1121 828 1165 Phidiae,
845 1120 939 1157 locis
959 1119 1212 1157 sanctissimis
1232 1131 1370 1167 posue-

168 1184 275 1215 runt.
334 1177 453 1226 Hunc
486 1175 589 1212 enim
617 1175 658 1210 in
686 1175 791 1211 omni
827 1173 1101 1222 procuratione
1133 1172 1370 1222 reipublicae

169 1238 338 1269 actorem
358 1236 632 1277 auctoremque
650 1228 860 1265 habebant.
917 1227 1048 1275 Igitur
1075 1226 1244 1275 primum
1271 1225 1369 1262 illud

167 1297 309 1322 munus
328 1283 520 1328 fortunae,
540 1282 654 1331 quod,
674 1282 716 1318 in
735 1279 782 1319 etz
802 1281 1044 1330 potissimum
1064 1281 1161 1318 urbe
1180 1285 1310 1324 natus,
1330 1280 1372 1315 in

169 1337 245 1388 qua
265 1337 503 1376 domicilium
522 1336 626 1373 orbis
645 1341 838 1372 terrarum
854 1341 954 1372 esset
969 1334 1136 1384 imperii,
1152 1334 1314 1371 eandem
1333 1340 1373 1370 et

168 1393 334 1442 patriam
352 1392 514 1428 haberet
533 1396 571 1427 et
591 1390 746 1426 domum
764 1403 772 1425 :
801 1390 874 1426 hoc
902 1389 1097 1437 specimen
1124 1387 1374 1437 prudentiae,

168 1447 284 1495 quod,
322 1457 442 1494 quum
480 1444 521 1480 in
558 1456 642 1480 eam
680 1443 879 1480 civitatem
918 1454 958 1479 se
995 1442 1233 1485 contulisset,
1271 1451 1372 1489 quae

169 1500 413 1549 antiquitate,
434 1497 685 1542 humanitate,
713 1497 897 1541 doctrina,
917 1501 1133 1545 praestaret
1161 1506 1309 1540 omnes,
1336 1494 1374 1531 ei

170 1567 270 1591 unus
290 1559 380 1590 ante
400 1552 495 1589 alios
514 1551 633 1588 fuerit
652 1550 886 1588 carissimus.

171 1695 272 1734 CAP.
305 1694 380 1732 IV.
439 1692 602 1736 Atticus,
642 1689 776 1726 Sullae
812 1701 940 1735 carus,
976 1687 1142 1725 Romam
1170 1687 1370 1736 remiqrac.

224 1772 321 1808 HUC
337 1782 387 1807 ex
406 1766 502 1806 Asia
520 1767 628 1805 Sulla
643 1765 830 1803 decedens
845 1777 965 1813 quum
984 1763 1166 1807 venisset,
1187 1761 1374 1811 quamdiu

169 1826 224 1864 ibi
243 1825 332 1869 fuit,
353 1835 484 1861 secum
503 1821 641 1858 habuit
660 1819 929 1867 Pomponium,
961 1823 1098 1866 captus
1116 1815 1372 1854 adolescentis

169 1879 412 1918 humanitate
432 1882 470 1914 et
489 1872 677 1912 doctrina.
737 1874 802 1910 Sic
835 1873 939 1909 enim
960 1870 1110 1908 Graec-e
1127 1870 1372 1919 loquebatur,

172 1942 214 1972 ut
234 1931 402 1970 Athenis
422 1935 536 1966 natus
556 1929 755 1965 videretur
773 1941 783 1971 3
811 1932 922 1963 tanta
947 1932 1076 1962 autem
1095 1930 1178 1962 erat
1197 1923 1373 1961 suavitas

172 1986 359 2026 sermonis
379 1984 523 2028 Latini,
545 1989 587 2019 ut
606 1987 810 2031 appareret
829 1980 870 2016 in
901 1992 946 2016 eo
973 1978 1151 2016 nativum
1178 1977 1373 2026 quendam

172 2043 342 2091 leporem
371 2050 464 2080 esse,
495 2049 572 2073 non
601 2036 802 2073 adscitum.
859 2033 969 2070 Idem
997 2037 1174 2081 poemata
1200 2041 1375 2080 pronun-

174 2096 296 2133 tiabat
325 2098 365 2129 et
394 2090 546 2128 Graece
574 2096 612 2127 et
639 2089 792 2134 Latine,
823 2088 888 2133 sic,
919 2092 962 2123 ut
991 2099 1109 2134 supra
1126 2084 1227 2122 nihil
1245 2088 1375 2133 posset

175 2149 276 2188 addi.
326 2145 479 2192 Quibus
497 2144 613 2181 rebus
631 2143 777 2181 factum
796 2147 865 2187 est,
886 2146 930 2177 ut
950 2138 1056 2177 Sulla
1074 2150 1265 2187 nusquam
1284 2149 1375 2175 eum

176 2216 198 2240 a
218 2215 258 2240 se
277 2200 503 2243 dimitteret,
522 2203 757 2246 cuperetque
776 2207 906 2232 secum
923 2194 1124 2231 deducere.
1158 2191 1238 2238 Qui
1255 2202 1377 2239 quum

176 2254 408 2306 persuadere
438 2257 617 2294 tentaret,
650 2249 764 2295 Noli,
798 2261 867 2286 oro
895 2254 940 2293 te,
970 2247 1098 2296 inquit
1128 2244 1375 2295 Pomponius,

178 2311 384 2348 adversum
404 2318 464 2342 eos
483 2318 540 2341 me
559 2303 653 2340 velle
672 2304 822 2348 ducere,
851 2315 938 2339 cum
957 2300 1095 2350 quibus
1114 2313 1161 2337 ne
1179 2304 1314 2336 contra
1342 2302 1378 2334 te

180 2375 294 2402 arma
319 2360 483 2410 serrem,
509 2357 666 2395 ltaliam
699 2356 852 2406 reliqui.
908 2354 966 2393 At
988 2354 1109 2401 Sulla,
1127 2349 1379 2392 adolescentis

181 2417 306 2456 officio
342 2413 585 2464 collaudato„
608 2411 737 2449 omnia
772 2423 934 2447 munera
979 2409 1026 2455 ei,
1065 2420 1163 2457 quae
1208 2403 1381 2443 Athenis

184 2474 397 2519 acceperat,
425 2467 670 2517 proficiscens
694 2465 814 2514 jussit
842 2464 997 2502 deferri.
1056 2463 1134 2500 Hic
1164 2458 1382 2508 complures

186 2537 305 2563 annos
336 2527 516 2566 moratus9
547 2532 667 2568 quum
696 2525 735 2557 et
763 2519 819 2557 rei
848 2516 1029 2556 familiari
1063 2521 1213 2554 tantum
1241 2524 1382 2562 operae
