1496 2671
261 113 312 173 ’ρο
555 133 745 179 QUINTI
774 134 964 173 cuam
993 134 1140 173 RUFI.

267 248 423 291 utraque
450 240 545 278 acies
572 247 683 287 erat-;
713 255 826 291 quum
861 243 1001 293 priores
1030 243 1166 281 Persae
1202 242 1436 282 inconditum

267 301 305 334 et
337 300 479 334 trucem
507 296 688 334 sustulere
715 297 923 334 clamorem.
981 297 1170 336 Redditur
1198 301 1235 334 et
1263 308 1285 334 a
1310 297 1435 336 Maee-

266 349 426 388 donibus
458 348 585 398 major,
624 350 806 388 exercitus
847 351 988 399 impare
1031 363 1199 396 numero,
1237 350 1302 388 sed
1331 349 1435 400 jugis

268 403 450 441 montium
471 403 655 451 vastisque
674 404 828 442 saltibus
848 416 1083 453 repercussus
1103 418 1111 442 :
1139 404 1275 454 quippe
1293 416 1437 454 semper

264 456 500 506 circumjecta
535 469 687 495 nemora
721 462 932 507 petraeque,
967 462 1300 506 quantamcumque
1335 469 1438 496 acee-

267 523 355 559 pere
382 523 522 556 vocem,
561 511 809 560 multiplicato
846 524 937 548 sono
972 511 1150 550 referunt.
1221 511 1438 549 Alexander

268 574 356 603 ante
375 565 493 614 prima
509 564 615 613 signa
632 565 722 609 ibat,
750 564 955 602 identidem
983 578 1096 602 manu
1123 577 1208 602 suos
1233 565 1406 603 inhibens
1426 577 1435 609 ;

267 631 314 656 ne
333 619 511 668 suspensi,
540 619 659 655 acrius
696 619 744 655 ob
771 619 923 656 nimiam
949 617 1222 656 festinationem
1250 619 1438 657 concitato

267 672 413 722 spiritu,
434 678 668 722 capesserent
687 672 877 721 praelium.
935 672 1103 721 Cumque
1129 672 1268 721 agmini
1287 673 1439 722 obequi-

266 731 375 773 taret,
403 727 505 763 varia
532 726 711 773 oratione,
740 732 783 763 ut
819 726 1002 775 cujusque
1023 726 1154 763 animis
1181 730 1310 775 aptum
1345 731 1437 772 erat,

266 780 401 818 milites
419 780 689 828 alloquebatur.
744 779 981 826 Macedones,
1010 784 1068 818 tot
1095 779 1276 817 bellorum
1300 780 1340 816 in
1359 779 1437 818 Eu-

268 847 359 884 ropa
386 834 556 879 victores,
577 830 889 882 adsubigendam
916 833 1045 870 Asiam
1063 838 1175 882 atque
1201 833 1333 872 ultima
1352 833 1438 871 Ori-

270 888 378 933 entis,
399 901 475 924 non
502 888 617 936 ipsius
637 887 749 935 magis
767 899 877 935 quam
896 900 962 925 suo
974 887 1091 925 ductu
1109 887 1277 937 profecti,
1295 887 1439 927 invete-

268 948 370 980 ratae
411 941 560 979 virtutis
606 941 932 979 admonebantur:
982 941 1070 979 Illos
1112 946 1296 979 terrarum
1334 942 1434 980 orbis

267 996 495 1041 liberatores,
525 1006 764 1043 emensosque
791 995 878 1031 olim
898 994 1073 1032 Herculis
1093 999 1139 1033 ‘et
1167 994 1295 1032 Liberi
1321 995 1437 1044 patris

267 1049 457 1094 terminos,
474 1061 550 1086 non
573 1048 694 1085 Persis
712 1049 834 1091 modo,
856 1048 921 1085 sed
935 1049 1048 1088 etiam
1066 1048 1238 1086 omnibus
1256 1048 1434 1097 gentibus

267 1103 502 1152 imposituros
515 1102 650 1151 jugum
672 1116 681 1146 ;
712 1102 960 1140 Macedonum
989 1102 1126 1141 Bactra
1144 1106 1182 1140 et
1200 1102 1315 1140 Indos
1332 1102 1436 1140 fore:

267 1157 419 1195 minima
437 1169 515 1194 esse
533 1169 627 1205 quae
645 1169 746 1193 nuno
763 1156 1000 1195 intuerentur
1019 1171 1027 1194 ε
1057 1156 1123 1193 sed
1142 1156 1266 1193 omnia
1283 1156 1439 1195 victoria

266 1211 388 1260 parari
408 1224 417 1248 :
445 1211 535 1247 Non
555 1210 595 1247 in
613 1209 821 1260 praeruptis
837 1210 951 1260 petris
971 1210 1182 1261 Illyriorum
1202 1214 1240 1248 et
1259 1209 1441 1248 Thraciae

267 1265 364 1303 saxis
385 1264 549 1302 sterilem
576 1264 740 1301 laborem
767 1263 845 1301 fore
865 1277 873 1308 ;
903 1264 1019 1313 spolia
1045 1263 1163 1302 totius
1192 1262 1359 1302 Orientis
1386 1263 1442 1301 of·

269 1319 355 1356 ferri
372 1333 379 1356 :
402 1318 478 1355 Vix
492 1318 617 1367 gladio
630 1317 796 1355 futurum
812 1330 903 1366 opus
919 1331 927 1361 ;
948 1322 1067 1356 totam
1085 1317 1200 1354 aciem
1218 1330 1286 1354 suo
1303 1330 1441 1367 pavore

268 1374 514 1410 fluctuantem
530 1371 756 1408 umbonibus
776 1384 882 1420 posse
901 1371 1069 1420 propelli.
1125 1371 1257 1408 Victor
1276 1371 1324 1408 a'd
1349 1371 1442 1409 haec

268 1425 556 1464 Atheniensium
577 1424 770 1474 Philippus
790 1430 895 1473 pater
921 1425 1176 1470 inuocabatur,
1205 1424 1441 1473 domitaeque

266 1492 385 1529 nuper
415 1478 604 1523 Boeotiae,
633 1484 670 1515 et
698 1478 799 1514 urbis
829 1478 869 1515 in
895 1491 939 1516 ea
965 1478 1215 1516 nobilissimae
1241 1478 1291 1516 ad
1317 1478 1437 1516 solum

266 1534 412 1571 dirutae
430 1533 569 1582 species
588 1532 935 1581 repraesentabatur
953 1532 1108 1576 animis3
1131 1531 1211 1581 jam
1232 1531 1438 1571 Granicum

267 1600 425 1632 amnem,
440 1586 517 1635 jam
538 1591 595 1623 tot
622 1587 743 1629 urbes,
774 1591 838 1623 aut
858 1591 1091 1635 expugnatas
1106 1592 1172 1624 aut
1189 1586 1230 1622 in
1247 1585 1359 1623 fidem
1378 1599 1439 1624 ac-

265 1647 404 1690 ceptas,
434 1640 629 1688 omniaque
655 1652 749 1687 quae
775 1644 859 1689 post
877 1644 1025 1688 tergum
1043 1645 1150 1677 erant
1168 1644 1284 1678 strata
1311 1644 1350 1678 et
1375 1652 1440 1689 pe-

265 1695 374 1732 dibus
419 1695 580 1744 ipsorum
617 1693 783 1741 subjecta
813 1694 1054 1731 memorabat.
1129 1693 1254 1738 Quum
1297 1693 1442 1732 adierat

271 1750 446 1794 Graecos,
485 1747 720 1791 admonebat,
755 1747 802 1783 ab
833 1746 879 1783 iis
909 1747 1085 1795 gentibus
1120 1746 1225 1784 illata
1262 1746 1442 1784 Graeciae

269 1803 377 1848 bella,
399 1802 506 1839 Darii
525 1801 638 1851 prius,
668 1800 804 1838 deinde
831 1800 965 1837 Xerxis
993 1800 1202 1846 insolentia,
1232 1812 1365 1849 aquam
1383 1801 1440 1850 ip-

269 1870 344 1894 sam
373 1863 581 1903 terramque
609 1853 903 1904 postulantium:
932 1860 974 1892 ut
1001 1866 1120 1902 neque
1146 1853 1305 1892 fontium
1331 1854 1441 1893 haus-

267 1917 359 1956 tum,
374 1923 443 1947 nec
462 1910 589 1947 solitos
617 1908 717 1946 cibos
736 1908 997 1956 relinquerent.
1053 1907 1155 1945 Dein
1173 1907 1285 1945 defim
1302 1908 1443 1957 templa

269 1964 383 2002 ruinis
403 1971 441 2002 et
467 1963 616 2012 ignibus
649 1974 728 1999 esse
755 1962 889 2008 deleta,
910 1963 1019 1999 urbes
1037 1973 1164 1999 eorum
1183 1967 1440 2011 expugnatas;

267 2018 417 2056 foedera
435 2017 586 2054 humani
614 2015 802 2064 divinique
822 2015 919 2065 juris
936 2015 1074 2054 violata
1099 2014 1297 2053 referebat.
1353 2015 1443 2066 Illy-

270 2073 342 2110 rios
361 2084 448 2109 vero
468 2076 506 2108 et
535 2070 710 2115 Thracas,
730 2075 838 2118 rapto
865 2069 989 2107 vivere
1016 2074 1192 2114 assuetos,
1221 2069 1338 2107 aciem
1356 2069 1442 2108 hos-

268 2126 360 2163 tium
389 2136 479 2162 auro
507 2136 742 2174 purpuraque
768 2123 973 2172 fulgentem
991 2123 1130 2161 intueri
1150 2122 1320 2172 jubebat,
1336 2136 1442 2173 prae-

269 2180 366 2225 dam,
388 2191 464 2216 non
483 2190 585 2215 arma
603 2182 826 2225 gestantem:
857 2176 972 2223 Irent,
994 2181 1031 2215 et
1059 2177 1269 2215 imbellibus
1295 2177 1442 2215 feminis

269 2245 397 2270 aurum
433 2232 503 2269 viri
534 2231 746 2281 eriperent:
785 2243 914 2280 aspera
939 2231 1122 2269 montium
1157 2243 1307 2270 suorum
1335 2231 1440 2281 juga,

270 2286 462 2335 nudosque
481 2285 593 2322 colles
612 2289 650 2322 et
677 2289 856 2334 perpetuo
874 2285 1038 2334 rigentes
1065 2285 1160 2334 gelu,
1181 2284 1321 2323 ditibus
1348 2283 1439 2321 Per-

270 2352 390 2378 sarum
409 2339 547 2389 campis
561 2339 731 2388 agrisque
749 2345 943 2377 mutarent.

321 2393 444 2434 XXV.
475 2394 536 2431 11.
565 2392 650 2431 Jam
679 2392 726 2431 acl
763 2392 829 2430 teli
859 2392 1002 2442 jactum
1037 2397 1294 2444 pervenerant,
1332 2404 1444 2441 quum
