1496 2671
285 167 334 205 48
634 166 800 205 LIBER
829 166 1102 214 QUARTUS.

285 274 485 320 Pelusium,
515 286 587 323 qua
604 275 809 314 intraturus
839 273 942 326 [rex]
970 276 1175 322 videbatur,
1208 281 1445 314 convenerat.

280 329 409 378 Atque
424 328 485 365 ille
502 329 657 377 septimo
671 329 741 375 die,
755 334 997 379 posteaquum
1014 343 1037 367 a
1056 330 1159 368 Gaza
1177 329 1300 379 copias
1317 339 1442 367 move-

280 387 349 427 rat,
369 382 408 418 in
426 382 616 431 regionem
634 383 812 433 Aegypti,
831 396 943 432 quam
960 395 1061 421 nunc
1082 383 1218 422 Castra
1231 383 1441 421 Alexandri

278 442 424 481 vocant,
444 436 626 485 pervenit.
680 437 840 482 Deinde,
860 437 1093 486 pedestribus
1111 437 1227 488 copiis
1254 436 1442 474 Pelusium

278 495 405 538 petere
427 488 551 538 jussis,
570 491 649 540 ipse
677 503 759 528 cum
780 490 953 539 expedita
978 490 1206 529 delectorum
1223 503 1335 528 manu
1353 490 1444 527 Nilo

278 556 386 580 amne
404 547 530 582 vectus
550 550 606 582 est
622 558 629 581 τ
659 556 728 581 nec
749 544 956 582 sustinuere
975 544 1179 582 adventum
1197 544 1276 594 ejus
1290 544 1438 589 Persae,

278 597 486 635 defectione
525 610 673 647 quoque
712 597 912 646 perterriti.
978 597 1139 647 Jamque
1173 598 1275 635 haud
1312 599 1442 648 procul

280 651 445 700 Memphi
464 656 544 689 erat
563 665 571 696 ;
601 652 641 688 in
660 651 765 700 cujus
784 650 968 700 praesidio
987 651 1155 689 Mazaces
1172 657 1321 702 praetor
1335 652 1442 689 Darii

277 704 439 752 relictus,
461 706 564 742 ocius
591 717 698 742 amne
717 709 900 754 superato,
930 705 1146 754 octingenta
1164 705 1305 743 talenta
1324 705 1441 743 Alex-

275 758 393 796 andro
439 771 657 806 omnemque
701 758 841 807 regiam
878 758 1143 807 supellectilem
1177 759 1344 797 tradidit.
1400 761 1437 795 A

275 812 441 862 Memphi
472 813 599 850 eedem
628 812 781 849 flumine
807 817 947 858 vectus,
985 812 1033 849 ad
1063 812 1241 850 interiora
1272 811 1435 863 Aegypti

273 870 472 914 penetrat3
507 866 790 915 compositisque
816 866 937 911 rebus,
966 865 1019 903 ita
1045 871 1089 904 ut
1123 866 1216 903 nihil
1244 879 1290 903 ex
1315 867 1437 916 patrio

274 918 548 969 Aegyptiorum
586 932 687 956 more
730 924 904 965 mutaret,
939 919 1042 957 adire
1073 920 1179 957 Jovis
1217 919 1437 958 Hammonis

271 974 459 1010 oraculum
475 973 617 1011 statuit.

322 1026 508 1063 XXVIII.
538 1027 615 1064 Iter
633 1026 815 1076 expeditis
843 1039 989 1075 quoque
1008 1032 1046 1064 et
1064 1027 1191 1075 paucis
1218 1027 1280 1064 vix
1298 1028 1435 1066 tolera-

267 1080 342 1117 bile
360 1081 648 1129 ingrediendum
668 1087 761 1117 erat.
801 1081 918 1118 Terra
934 1081 1111 1129 coeloque
1122 1093 1298 1129 aquarum
1314 1094 1433 1130 penu-

266 1135 321 1171 ria
339 1139 395 1172 est
416 1148 423 1171 :
454 1135 596 1172 steriles
615 1147 748 1171 arenae
757 1134 885 1183 jacent
904 1148 912 1172 z
943 1147 1034 1184 quas
1053 1135 1118 1172 ubi
1137 1148 1250 1184 vapor
1269 1135 1356 1172 solis
1371 1148 1430 1173 ac—

264 1188 401 1233 cendit,
422 1188 563 1230 fervido
578 1189 656 1225 solo
674 1196 852 1226 exurente
871 1188 1037 1237 vestigia,
1053 1188 1293 1226 intolerabilis
1305 1195 1431 1227 aestus

265 1242 402 1288 existit,
432 1242 724 1290 luctandumque
751 1247 817 1286 est,
846 1255 923 1279 non
949 1247 1096 1280 tantum
1124 1254 1208 1280 cum
1236 1242 1368 1279 ardore
1396 1251 1431 1281 et

262 1297 427 1334 siccitate
438 1296 610 1345 regionis,
627 1296 690 1332 sed
703 1296 813 1333 etiam
828 1308 911 1333 cum
928 1295 1163 1333 tenacissimo
1177 1295 1317 1342 sabulo,
1331 1298 1431 1345 quod

262 1350 478 1398 praealtum,
513 1355 550 1387 et
577 1349 733 1398 vestigio
761 1349 906 1394 cedens,
941 1361 1045 1397 aegre
1072 1349 1276 1387 moliuntur
1302 1351 1430 1399 pedes.

262 1403 367 1440 Haec
395 1403 575 1452 Aegyptii
595 1415 681 1440 vero
708 1403 846 1452 majora
860 1402 1064 1451 jactabant.
1123 1402 1195 1440 Sed
1214 1403 1347 1452 ingens
1365 1417 1429 1441 cu-

260 1457 349 1505 pido
377 1457 539 1493 animum
560 1457 774 1494 stimulabat
793 1457 955 1493 adeundi
974 1456 1120 1502 Jovem,
1141 1468 1249 1504 quem
1278 1459 1427 1506 generis

260 1510 316 1547 sui
335 1516 537 1556 auctorem,
554 1511 652 1547 haud
669 1516 867 1548 contentus
883 1510 1029 1548 mortali
1043 1510 1202 1559 fastigio,
1223 1515 1290 1549 aut
1301 1512 1428 1549 crede-

260 1565 325 1602 bat
344 1577 434 1609 esse,
454 1570 519 1602 aut
538 1564 638 1601 credi
657 1564 818 1601 volebat.
876 1564 978 1613 Ergo
997 1576 1079 1601 cum
1109 1564 1153 1600 iis
1181 1576 1273 1613 quos
1291 1565 1428 1603 ducere

261 1631 383 1655 secum
404 1624 595 1663 statuerat,
616 1618 779 1654 secundo
806 1629 915 1654 amne
942 1617 1135 1655 descendit
1162 1619 1209 1654 ad
1229 1618 1426 1657 Mareotim

262 1672 448 1720 paludem.
506 1671 562 1709 Eo
574 1672 687 1720 legati
705 1671 972 1721 Cyrenensium
990 1671 1089 1708 dona
1100 1671 1271 1718 attulere,
1285 1685 1429 1721 pacem,

260 1731 297 1762 et
325 1731 368 1763 ut
387 1725 507 1763 adiret
534 1726 643 1762 urbes
663 1738 757 1771 suaS,
779 1731 960 1774 petentes.
1016 1724 1095 1769 Ille,
1125 1725 1232 1762 donis
1251 1727 1423 1776 acceptis,

259 1779 492 1827 amicitiaque
519 1779 727 1827 conjuncta,
762 1779 948 1816 destinata
979 1778 1127 1826 exsequi
1164 1779 1294 1828 pergit.
1369 1778 1428 1817 Ae

256 1833 376 1882 primo
404 1833 551 1880 quidem
581 1838 618 1870 et
655 1832 822 1881 sequenti
859 1832 920 1869 die
954 1832 1155 1869 tolerabilis
1182 1832 1286 1869 labor
1313 1833 1427 1879 visus,

258 1887 426 1923 nondum
453 1892 530 1924 tam
559 1887 672 1925 vastis
698 1887 880 1933 nudisque
908 1885 1170 1923 solitudinibus
1198 1886 1320 1932 aditis,
1343 1887 1422 1936 jam

257 1946 382 1978 tamen
418 1940 533 1978 sterili
561 1946 599 1978 et
626 1940 828 1977 emoriente
855 1946 966 1977 terra.
1021 1939 1096 1976 Sed
1122 1944 1165 1977 ut
1192 1953 1368 1989 aperuere
1387 1955 1426 1979 se

257 1996 377 2043 campi
405 1995 481 2032 alto
509 1994 629 2031 obruti
649 1994 788 2039 sabulo,
809 1993 908 2030 haud
927 2006 1030 2031 secus
1058 2005 1169 2041 quam
1196 1993 1421 2043 profundum

257 2060 394 2096 aequor
421 2048 589 2096 ingressi,
620 2053 757 2086 terram
786 2047 900 2084 oculis
927 2047 1174 2095 requirebant.
1230 2048 1347 2085 Nulla
1365 2061 1422 2085 ar-

255 2102 334 2147 bor,
356 2101 500 2138 nullum
519 2102 610 2140 culti
632 2102 699 2138 soli
719 2101 936 2138 occurrebat
954 2100 1150 2149 vestigium
1169 2114 1178 2145 ;
1200 2113 1292 2150 aqua
1311 2102 1422 2140 etiam

255 2155 440 2193 defecerat
458 2167 566 2203 quam
585 2156 729 2193 utribus
748 2154 879 2192 cameli
896 2160 1086 2200 vexerant,
1107 2159 1145 2192 et
1162 2155 1202 2191 in
1221 2155 1326 2192 arido
1343 2155 1424 2193 solo

255 2221 297 2245 ae
316 2209 459 2245 fervido
478 2209 606 2246 sabulo
623 2209 726 2245 nulla
745 2214 838 2245 erat.
891 2208 957 2245 Ad
975 2208 1066 2245 haec
1084 2208 1138 2245 sol
1157 2209 1283 2246 omnia
1295 2209 1419 2246 incen—

254 2263 372 2308 derat,
394 2262 561 2310 siccaque
580 2269 617 2300 et
636 2263 768 2299 adusta
796 2266 875 2299 erat
894 2274 979 2306 01·a;
1009 2274 1120 2310 quum
1147 2268 1311 2312 repente,
1345 2263 1421 2299 sive

256 2316 349 2352 illud
367 2316 520 2352 deorum
537 2328 680 2361 munus,
691 2316 767 2353 sive
775 2328 878 2352 casus
886 2316 967 2361 fuit,
989 2316 1172 2353 obductae
1191 2316 1294 2353 coelo
1305 2316 1420 2353 nubes

255 2369 457 2407 condidere
476 2370 612 2413 sole1n;
642 2370 770 2417 ingens
802 2375 903 2407 aestu
938 2370 1116 2418 fatigatis,
1149 2369 1292 2408 etiamsi
1328 2381 1422 2418 aqua

254 2424 435 2470 deficeret,
458 2424 646 2462 auxilium.
703 2422 916 2470 Enimvero,
946 2429 987 2462 ut
1015 2424 1157 2472 largum
1179 2434 1323 2471 quoque
1348 2423 1418 2459 im-
