1496 2671
231 86 282 123 32
526 85 729 125 LAELIUS
760 86 835 124 DE
861 86 1121 126 AMICITIA„

229 193 379 244 telligit.
438 193 520 242 Ego
539 199 665 232 autem
685 207 761 231 non
778 196 827 232 de
844 196 983 234 virtute
996 208 1098 234 nunc
1115 197 1258 246 loquor,
1271 197 1340 235 sed
1357 198 1405 236 de

231 247 380 286 virtutis
417 247 602 296 opinione.
658 247 809 286 Virtute
845 249 944 286 enim
980 249 1060 299 ipsa
1087 262 1165 288 non
1191 255 1267 290 tam
1295 251 1405 290 multi

231 300 379 349 praediti
397 313 488 347 esse,
509 313 620 349 quam
638 301 757 339 videri
781 302 924 341 volunt.
980 302 1064 341 Hos
1089 304 1253 343 delectat
1279 317 1402 343 assen-

235 354 354 392 tatio:
384 354 441 392 his
473 355 581 393 fictus
618 356 666 392 ad
693 356 857 406 ipsorum
886 355 1116 395 voluntatem
1144 370 1264 396 sermo
1291 369 1406 406 quum

231 407 442 454 adhibetur,
472 409 678 447 orationem
719 409 818 447 illam
861 422 993 446 vanam
1033 411 1286 449 testimonium
1328 425 1407 450 csse

231 462 382 499 laudum
404 475 553 500 suarum
573 468 717 512 putant.
774 463 890 500 Nulla
907 468 964 501 est
982 463 1099 512 igitur
1124 465 1204 503 haec
1231 466 1405 512 amicitia,

231 528 345 564 quum
364 516 459 555 alter
477 529 606 554 verum
624 517 753 554 audire
772 529 848 554 non
868 517 958 562 vult,
974 517 1068 555 alter
1086 518 1134 555 ad
1153 520 1408 558 mentiendum

232 575 384 619 paratus
417 576 487 607 est.
541 569 623 608 Nec
655 570 900 620 parasitorum
927 571 968 607 in
994 571 1183 610 comoediis
1209 574 1409 612 assentatio

233 625 340 661 nobis
358 624 479 662 faceta
498 624 698 669 videretur,
721 624 792 661 nisi
810 630 935 662 essent
953 624 1089 663 milites
1107 625 1271 674 gloriosi.

469 689 606 731 Magnas
621 700 693 721 vero
708 699 800 731 agere
814 690 931 730 gratias
945 684 1042 721 Thais
1055 691 1130 722 mihi
1144 692 1158 722 ’ἑ

235 747 333 786 Satis
348 751 427 785 erat
439 747 675 796 respondere,
692 759 863 797 maynas5
884 748 1052 799 inqentes,
1065 748 1201 798 inquit.
1256 749 1409 800 Semper

235 806 348 849 auget
388 806 598 838 assentator
635 801 686 846 id,
730 800 831 850 quod
872 801 914 846 is,
955 801 1059 850 cujus
1097 802 1146 840 ad
1183 802 1410 854 voluntatem

235 855 381 899 dicitur,
402 854 482 891 vult
511 866 589 891 esse
616 866 807 903 magnum.
833 873 836 876 ⁴
863 854 926 893 99.
957 855 1223 902 Quamobrem,
1244 858 1412 906 quamvis

235 909 372 945 blanda
388 908 461 946 ista
480 907 623 946 vanitas
642 908 743 958 apud
761 920 824 946 eos
844 909 976 953 valeat,
998 909 1062 959 qui
1089 909 1160 959 ipsi
1177 909 1280 948 illam
1301 911 1410 949 allec-

235 969 318 1000 tant
337 968 375 999 et
388 963 550 999 invitant
567 975 574 999 :
597 967 722 1000 tamen
739 962 852 999 etiam
866 963 1056 1011 graviores
1070 965 1413 1013 constantioresque

233 1016 462 1053 admonendi
481 1022 581 1060 sunt,
600 1021 644 1054 ut
662 1016 826 1053 animum
845 1017 1057 1061 advertant,
1072 1029 1120 1054 ne
1138 1017 1273 1055 callida
1289 1031 1412 1056 asseri>

235 1070 377 1107 tatione
405 1069 612 1119 capiantur.
668 1070 810 1118 Aperte
838 1070 936 1107 enim
965 1070 1183 1108 adulantem
1208 1084 1320 1110 nemo
1337 1084 1414 1110 non

237 1124 351 1166 videt,
381 1123 451 1161 nisi
480 1123 544 1173 qui
572 1124 773 1161 admodum
801 1130 858 1161 est
893 1137 1035 1162 excors.
1093 1124 1261 1163 Callidus
1288 1125 1349 1163 ine
1376 1132 1415 1164 et

236 1177 404 1216 occultus
431 1171 480 1215 ne
508 1191 546 1214 se
574 1177 748 1222 insinuet,
779 1177 943 1215 studiose
970 1178 1177 1215 cavendum
1209 1185 1277 1217 est.
1333 1179 1415 1217 Nec

233 1232 332 1268 enim
353 1231 524 1268 facillime
543 1232 791 1280 cognoscitur,
809 1231 943 1280 quippe
963 1232 1025 1280 qui
1045 1231 1158 1269 etiam
1178 1233 1410 1271 adversando

237 1298 335 1335 saepe
372 1290 605 1329 assentetur3
647 1291 695 1331 et,
725 1285 874 1333 litigare
900 1298 939 1322 se
967 1286 1157 1331 simulans,
1186 1286 1412 1333 blandiatur,

238 1344 348 1387 atque
366 1340 414 1376 ad
432 1343 642 1376 extremum
663 1339 728 1377 det
749 1350 891 1383 manus,
913 1338 1086 1387 vincique
1104 1352 1144 1376 sc
1162 1339 1350 1388 patiatur:
1373 1346 1416 1378 ut

237 1394 278 1437 is,
310 1393 372 1442 qui
400 1392 529 1430 illusus
554 1392 613 1437 sit,
644 1393 726 1442 plus
756 1392 889 1429 vidisse
918 1392 1100 1430 videatur.
1159 1393 1262 1439 Quid
1290 1400 1416 1432 autem

237 1448 394 1496 turpius,
414 1458 523 1495 quam
543 1445 651 1484 illudi
670 1446 690 1483 t>
745 1446 857 1491 Quod
879 1458 925 1483 ne
943 1446 1098 1492 accidat,
1122 1447 1327 1484 cavendum
1346 1453 1413 1494 est,

239 1507 279 1537 ut
298 1502 335 1537 in
358 1499 529 1549 Epiclero
550 1513 558 1537 z

448 1563 549 1595 Hodie
563 1573 613 1594 me
629 1568 699 1595 ante
714 1574 819 1595 omnes
832 1564 970 1595 comicos
985 1565 1095 1596 stultos
1117 1574 1207 1596 senes

448 1607 584 1638 Versaris
600 1610 690 1647 atque
707 1607 848 1646 [luseris]
865 1607 1046 1638 lautissime.

240 1668 327 1705 100.
359 1665 453 1702 Haec
473 1664 571 1700 enim
590 1663 700 1700 etiam
721 1663 760 1700 in
780 1663 931 1700 Fabulis
948 1663 1168 1701 stultissima
1185 1676 1343 1713 persona
1361 1669 1418 1703 est

239 1719 529 1771 improvidorum
558 1722 596 1755 ct
623 1717 855 1754 credulorum
884 1729 1025 1754 senum.
1082 1717 1169 1761 Sed,
1190 1718 1313 1755 nescio
1341 1731 1415 1767 quo

237 1780 358 1826 pacto,
379 1773 427 1811 ab
446 1770 617 1809 amicitiis
635 1771 882 1820 perfectorum
904 1770 1108 1817 hominum,
1128 1770 1168 1808 id
1182 1777 1249 1816 est,
1271 1772 1416 1821 sapien·-

237 1831 329 1867 tium
365 1825 428 1878 (de
459 1825 528 1862 hac
558 1824 642 1862 dico
668 1824 858 1874 sapientia,
890 1836 970 1873 quae
998 1824 1146 1862 videtur
1172 1824 1212 1861 in
1239 1825 1417 1863 hominen

240 1883 372 1921 cadere
391 1878 516 1930 posse)
538 1878 585 1916 ad
604 1878 704 1916 leves
723 1878 902 1916 amicitias
921 1877 1073 1915 deflexit
1085 1879 1215 1916 oratio.
1274 1878 1416 1924 Quam-

239 1938 367 1974 obrem
394 1935 441 1972 ad
470 1933 534 1972 illa
553 1933 672 1982 prima
691 1932 896 1977 1’edeamuS‚
918 1944 1033 1981 eaque
1051 1931 1131 1981 ipsa
1149 1931 1416 1970 concludamus

239 1989 454 2040 aliquando.

296 2041 459 2081 XXVII.
504 2041 640 2086 Virtus,
681 2041 812 2085 virtus,
841 2039 1003 2088 inquam,
1036 2037 1103 2075 Cai
1133 2038 1266 2084 Fanni,
1297 2046 1335 2078 et
1363 2046 1416 2087 tu,

243 2099 293 2144 Q.
314 2096 429 2142 Muci,
449 2102 487 2134 et
515 2094 689 2132 conciliat
708 2093 888 2131 amicitias
907 2099 944 2131 et
972 2098 1178 2131 conservat.
1234 2092 1280 2131 In
1299 2107 1343 2131 ea
1361 2099 1418 2132 est

241 2153 340 2189 enim
369 2149 630 2188 convenientia
657 2160 791 2192 rerum,
823 2147 862 2183 in
895 2159 938 2183 ea
969 2146 1163 2192 stabilitas,
1192 2147 1233 2183 in
1260 2160 1304 2184 ea
1329 2160 1417 2186 con-

243 2205 403 2243 stantia:
433 2215 515 2252 quae
536 2214 650 2250 quum
669 2214 707 2238 se
725 2201 861 2239 extulit
888 2206 925 2238 et
953 2200 1119 2238 ostendit
1144 2200 1270 2238 lumen
1298 2210 1416 2248 suurn,

243 2267 281 2298 et
299 2259 397 2296 idem
420 2256 591 2306 adspexit
610 2255 835 2304 agnovitque
853 2254 891 2291 in
913 2253 1009 2292 alio:
1040 2254 1087 2291 ad
1115 2253 1155 2290 id
1172 2266 1212 2291 se
1229 2254 1416 2302 admovet,

244 2313 478 2360 vicissimque
516 2309 650 2358 accipit
679 2308 782 2352 illud,
818 2307 919 2357 quod
947 2309 985 2344 in
1013 2307 1132 2346 altero
1157 2314 1242 2346 est:
1272 2320 1318 2345 ex
1344 2320 1418 2358 quo

240 2378 363 2405 eorum
396 2362 602 2403 exardescit
639 2362 715 2400 sive
742 2375 853 2409 amor,
883 2362 959 2400 sive
977 2362 1149 2400 amicitia.
1210 2361 1421 2412 Utrumque
