1496 2671
193 211 245 246 24
323 189 326 196 ’
532 209 576 248 G.
607 210 761 248 JULH
789 210 1048 249 CAESARIS

195 317 285 360 vita,
320 316 543 354 felicitatem
573 317 844 355 Helvetiorum
880 319 982 371 bello
1018 331 1100 356 esse
1132 322 1383 367 perspectam.

193 370 331 418 Itaque
351 383 392 408 se
411 372 514 418 quod
532 371 573 408 in
593 372 802 421 longiorem
824 373 926 409 diem
952 373 1157 410 collaturus
1186 379 1297 417 esset,
1323 384 1385 409 re-

193 431 527 472 praesentaturum,
566 432 605 462 et
641 423 819 474 proxima
856 434 968 463 nocte
1005 427 1052 463 de
1084 423 1222 475 quarta
1250 425 1387 474 vigilia

192 484 318 514 castra
347 484 554 523 moturum,
589 485 633 516 ut
660 492 776 528 quam
803 479 972 527 primum
999 480 1217 528 intelligere
1243 486 1384 528 posset,

193 537 323 567 utrum
344 533 447 579 apud
465 544 529 569 eos
550 533 674 581 pudor
694 539 810 581 atque
829 533 1008 578 officium,
1025 545 1074 570 an
1092 534 1210 570 timor
1225 532 1385 570 valeret.

194 583 309 629 Quod
329 585 362 622 si
392 592 571 633 praeterea
599 599 711 623 nemo
740 592 934 635 sequatur,
964 593 1094 623 tamen
1118 599 1159 624 se
1187 599 1276 623 cum
1305 583 1386 622 sola

190 638 341 675 decima
359 639 510 688 legione
529 640 687 684 iturum,
709 640 756 676 de
784 637 861 688 qua
888 652 967 677 non
995 640 1206 683 dubitaret3
1235 639 1387 688 sibique

191 703 274 728 eam
289 693 506 741 praetoriam
528 694 720 730 cohortem
737 692 921 730 futuram.
979 693 1085 730 Huic
1096 692 1240 742 legioni
1256 692 1386 730 Caesar

190 751 230 781 et
257 745 471 784 indulserat
499 748 692 796 praecipue
717 753 755 784 et
775 753 934 795 propter
952 747 1140 785 virtutem
1168 746 1386 784 confidebat

189 810 370 837 maxime.

246 852 360 890 XLI.
396 851 480 891 Hac
506 854 680 890 oratione
698 851 842 898 habita,
870 853 1012 890 mirum
1039 854 1079 890 in
1108 853 1266 890 modum
1295 865 1386 890 con·

190 918 312 944 versae
333 913 424 943 sunt
438 907 610 944 omnium
622 913 782 952 mentes,
800 919 1024 955 summaque
1036 907 1213 945 alacritas
1225 913 1266 944 et
1276 906 1387 955 cupi-

189 960 290 996 ditas
310 960 402 997 belli
421 961 581 1008 gerendi
599 961 734 998 innata
753 967 822 1005 est,
844 961 1099 1010 princepsque
1118 960 1267 998 decima
1284 960 1386 1009 legio

189 1025 260 1062 per
288 1013 467 1051 tribunos
499 1014 665 1051 militum
692 1015 727 1052 ei
759 1015 905 1063 gratias
925 1016 1016 1063 egit,
1037 1014 1141 1063 quod
1159 1014 1208 1051 de
1227 1026 1268 1052 se
1285 1013 1386 1063 opti-

188 1079 295 1103 mum
309 1067 687 1114 judicium'fecisset,
709 1080 825 1117 seque
838 1080 921 1105 esse
940 1069 989 1105 ad
1008 1068 1153 1105 bellum
1171 1067 1385 1117 gerendum

189 1121 473 1169 paratissimam
505 1122 762 1158 confirmavit.
820 1122 972 1159 Deinde
1008 1121 1167 1170 reliquae
1213 1121 1385 1170 legiones

191 1186 260 1222 per
279 1175 458 1211 tribunos
476 1175 644 1212 militum
664 1182 704 1213 et
718 1175 929 1224 primorum
945 1175 1124 1212 ordinum
1138 1174 1386 1212 centuriones

190 1234 366 1276 egerunt,
399 1224 455 1265 uti
486 1228 629 1266 Caesari
659 1229 949 1266 satisfacerent:
987 1241 1028 1265 se
1055 1240 1181 1276 neque
1214 1239 1385 1276 unquam

189 1282 400 1326 dubitasse,
420 1295 545 1331 neque
563 1283 751 1325 timuisse,
772 1294 896 1331 neque
919 1283 966 1319 de
989 1285 1138 1319 summa
1160 1281 1252 1319 belli
1271 1293 1384 1318 suum

182 1334 391 1387 judicium,
411 1337 477 1373 sed
495 1336 739 1385 imperatoris
769 1348 851 1373 esse
879 1335 1177 1373 existimavisse.
1236 1334 1384 1386 Eorum

139 1422 142 1425 ,
189 1388 452 1426 satisfactione
472 1387 638 1438 accepta,
661 1397 699 1427 et
726 1389 866 1427 itinere
894 1389 1089 1437 exquisito
1116 1401 1186 1436 per
1213 1387 1383 1424 Divitia-

188 1454 288 1486 cum,
309 1443 411 1489 quod
430 1455 481 1479 ex
500 1443 585 1480 aliis
604 1444 639 1480 ei
659 1443 866 1480 maximam
894 1443 1010 1479 fidem
1038 1442 1214 1487 habebat,
1235 1446 1279 1478 ut
1297 1441 1384 1477 mil-

188 1494 283 1532 lium
304 1496 469 1544 amplius
487 1497 770 1545 quinquaginta
789 1496 956 1533 circuitu
978 1496 1072 1533 locis
1098 1496 1244 1544 apertis
1270 1506 1383 1531 exer-

187 1549 309 1585 citum
343 1549 511 1595 duceret,
541 1551 590 1587 de
617 1548 755 1599 quarta
775 1547 921 1598 vigilia,
943 1556 985 1586 ut
1005 1549 1168 1593 dixerat,
1189 1547 1384 1598 profectus

188 1609 258 1639 est.
319 1602 493 1651 Septimo
521 1604 593 1648 die,
633 1617 752 1653 quum
785 1604 860 1641 iter
897 1616 975 1640 non
1011 1603 1297 1647 intermitteret,
1335 1603 1384 1639 ab

188 1656 500 1704 exploratoribus
536 1658 678 1694 certior
710 1658 835 1695 factus
873 1664 942 1700 est,
978 1656 1172 1694 Ariovisti
1201 1656 1329 1704 copias
1361 1667 1385 1692 a

189 1710 330 1747 nostris
349 1711 520 1747 millibus
539 1721 722 1760 passuum
742 1717 908 1759 quatuor
927 1715 966 1747 et
985 1710 1125 1758 viginti
1146 1711 1289 1747 abesse.

243 1763 378 1800 XLII.
410 1764 578 1812 Cognito
608 1763 772 1802 Caesaris
790 1764 972 1807 adventu,
994 1763 1219 1800 Ariovistus
1235 1762 1383 1811 legatos

188 1817 237 1853 ad
265 1829 353 1853 eum
381 1818 518 1854 mittit:
547 1819 649 1866 quod
672 1824 786 1855 antea
805 1818 852 1854 de
871 1817 1061 1865 colloquio
1080 1816 1321 1865 postulasset,
1341 1816 1381 1852 id

189 1882 257 1918 per
277 1883 317 1907 se
336 1871 420 1907 fieri
441 1872 566 1917 licere,
583 1872 762 1920 quoniam
777 1871 936 1920 propius
951 1870 1186 1907 accessisset:
1205 1881 1322 1918 seque
1342 1869 1383 1906 id

188 1923 272 1961 sine
305 1925 476 1972 periculo
507 1925 635 1962 facere
669 1937 780 1973 posse
814 1924 1050 1961 existimare.
1106 1923 1197 1959 Non
1233 1923 1382 1971 respuit

187 1977 446 2014 conditionem
467 1977 612 2017 Caesar:
634 1977 795 2027 jamque
821 1990 910 2015 eum
939 1978 987 2014 ad
1015 1976 1217 2013 sanitatem
1236 1976 1382 2013 reverti

188 2031 459 2077 arbitrabatur,
489 2045 609 2080 quum
637 2033 677 2068 id
704 2032 807 2080 quod
826 2037 938 2068 antea
966 2030 1113 2079 petenti
1142 2030 1380 2078 denegasset,

187 2083 290 2120 ultro
319 2085 581 2132 polliceretur3
610 2097 863 2134 magnamque
891 2085 932 2120 in
961 2096 1067 2133 spem
1096 2084 1287 2128 veniebat,
1310 2095 1382 2132 pro

186 2137 268 2174 suis
296 2139 414 2175 tantis
442 2140 651 2188 populique
681 2139 845 2175 Romani
873 2138 914 2174 in
939 2150 1028 2174 eum
1056 2137 1264 2181 beneficiis,
1291 2148 1381 2185 cog-

187 2190 280 2227 nitis
318 2191 398 2227 suis
437 2193 650 2240 postulatis,
690 2192 772 2229 fore
812 2192 869 2228 uti
910 2188 1129 2239 pertinacia„
1164 2190 1380 2227 desisteret.

187 2242 283 2281 Dies
310 2244 498 2293 colloquio
526 2246 651 2283 dictus
679 2252 737 2283 est
765 2258 813 2282 ex
837 2257 883 2282 eo
908 2244 971 2281 die
989 2244 1160 2293 quintus.
1215 2242 1380 2280 Interim

186 2309 307 2345 quum
327 2310 426 2346 saepe
447 2299 548 2336 ultro
567 2300 740 2347 citroque
759 2299 876 2348 legati
902 2299 1005 2335 inter
1030 2310 1094 2335 eos
1118 2297 1378 2339 mitterentur,

186 2350 412 2388 Ariovistus
432 2352 652 2400 postulavit,
674 2365 722 2389 ne
740 2365 856 2401 quem
875 2352 1042 2402 peditem
1071 2351 1121 2388 ad
1147 2349 1378 2398 colloquium

189 2403 320 2442 Caesar
347 2405 568 2444 adduceret:
601 2407 726 2444 vereri
757 2419 807 2451 se,
839 2419 887 2443 ne
906 2418 975 2455 per
993 2405 1154 2442 insidias
1173 2405 1220 2440 ab
1239 2415 1284 2440 eo
1302 2402 1377 2439 cir·

186 2463 491 2500 cumveniretur:
539 2469 699 2509 uterque
740 2473 826 2498 cum
869 2460 1043 2508 equitatu
1089 2457 1256 2494 veniret:
1302 2452 1377 2507 alia
