<?xml version="1.0" encoding="UTF-8"?>
<!DOCTYPE html PUBLIC "-//W3C//DTD XHTML 1.0 Transitional//EN"
    "http://www.w3.org/TR/xhtml1/DTD/xhtml1-transitional.dtd">
<html xmlns="http://www.w3.org/1999/xhtml" xml:lang="en" lang="en">
 <head>
  <title>
</title>
<meta http-equiv="Content-Type" content="text/html;charset=utf-8" />
  <meta name='ocr-system' content='tesseract 3.04.00' />
  <meta name='ocr-capabilities' content='ocr_page ocr_carea ocr_par ocr_line ocrx_word'/>
</head>
<body>
  <div class='ocr_page' id='page_1' title='image "./curriculumlatinu01mont_0076.png"; bbox 0 0 1496 2671; ppageno 0'>
   <div class='ocr_carea' id='block_1_1' title="bbox 248 159 1116 206">
    <p class='ocr_par' dir='ltr' id='par_1_1' title="bbox 248 159 1116 206">
     <span class='ocr_line' id='line_1_1' title="bbox 248 159 1116 206; baseline 0.003 -10"><span class='ocrx_word' id='word_1_1' title='bbox 248 159 268 196; x_wconf 78' lang='lat' dir='ltr'>ss</span> <span class='ocrx_word' id='word_1_2' title='bbox 526 160 735 206; x_wconf 60' lang='lat' dir='ltr'><strong>*QUINTI</strong></span> <span class='ocrx_word' id='word_1_3' title='bbox 765 159 955 198; x_wconf 85' lang='lat' dir='ltr'><strong>CURTII</strong></span> <span class='ocrx_word' id='word_1_4' title='bbox 982 159 1116 199; x_wconf 88' lang='lat' dir='ltr'>RUFI</span> 
     </span>
    </p>
   </div>
   <div class='ocr_carea' id='block_1_2' title="bbox 241 267 1430 2467">
    <p class='ocr_par' dir='ltr' id='par_1_2' title="bbox 241 267 1430 1983">
     <span class='ocr_line' id='line_1_2' title="bbox 303 267 1419 316; baseline 0.004 -12"><span class='ocrx_word' id='word_1_5' title='bbox 303 268 369 305; x_wconf 87' lang='lat' dir='ltr'>IV.</span> <span class='ocrx_word' id='word_1_6' title='bbox 399 268 435 304; x_wconf 83' lang='lat'>2.</span> <span class='ocrx_word' id='word_1_7' title='bbox 466 268 520 305; x_wconf 74' lang='lat' dir='ltr'>At</span> <span class='ocrx_word' id='word_1_8' title='bbox 548 268 697 313; x_wconf 81' lang='lat' dir='ltr'>Darius,</span> <span class='ocrx_word' id='word_1_9' title='bbox 718 268 895 305; x_wconf 84' lang='lat' dir='ltr'>nunciata</span> <span class='ocrx_word' id='word_1_10' title='bbox 923 267 1133 306; x_wconf 86' lang='lat' dir='ltr'>Memnonis</span> <span class='ocrx_word' id='word_1_11' title='bbox 1159 273 1291 316; x_wconf 83' lang='lat' dir='ltr'>morte,</span> <span class='ocrx_word' id='word_1_12' title='bbox 1318 269 1419 308; x_wconf 84' lang='lat' dir='ltr'>haud</span> 
     </span>
     <span class='ocr_line' id='line_1_3' title="bbox 249 321 1423 372; baseline 0.003 -13"><span class='ocrx_word' id='word_1_13' title='bbox 249 335 355 359; x_wconf 88' lang='lat' dir='ltr'>secus</span> <span class='ocrx_word' id='word_1_14' title='bbox 374 334 484 370; x_wconf 85' lang='lat' dir='ltr'>quam</span> <span class='ocrx_word' id='word_1_15' title='bbox 504 334 571 371; x_wconf 88' lang='lat' dir='ltr'>par</span> <span class='ocrx_word' id='word_1_16' title='bbox 589 327 669 359; x_wconf 80' lang='lat' dir='ltr'>erat</span> <span class='ocrx_word' id='word_1_17' title='bbox 688 327 823 366; x_wconf 81' lang='lat' dir='ltr'>motus,</span> <span class='ocrx_word' id='word_1_18' title='bbox 844 321 978 358; x_wconf 86' lang='lat' dir='ltr'>omissa</span> <span class='ocrx_word' id='word_1_19' title='bbox 998 323 1098 359; x_wconf 88' lang='lat' dir='ltr'>omni</span> <span class='ocrx_word' id='word_1_20' title='bbox 1110 322 1181 360; x_wconf 85' lang='lat' dir='ltr'>alia</span> <span class='ocrx_word' id='word_1_21' title='bbox 1193 335 1269 372; x_wconf 89' lang='lat' dir='ltr'>spe,</span> <span class='ocrx_word' id='word_1_22' title='bbox 1289 325 1423 362; x_wconf 80' lang='lat' dir='ltr'>statuit</span> 
     </span>
     <span class='ocr_line' id='line_1_4' title="bbox 245 375 1423 426; baseline 0.002 -13"><span class='ocrx_word' id='word_1_23' title='bbox 245 377 328 426; x_wconf 88' lang='lat' dir='ltr'>ipse</span> <span class='ocrx_word' id='word_1_24' title='bbox 355 376 554 412; x_wconf 77' lang='lat' dir='ltr'>decernere</span> <span class='ocrx_word' id='word_1_25' title='bbox 570 389 579 419; x_wconf 92' lang='lat'>;</span> <span class='ocrx_word' id='word_1_26' title='bbox 607 375 756 425; x_wconf 84' lang='lat' dir='ltr'>quippe,</span> <span class='ocrx_word' id='word_1_27' title='bbox 785 388 879 424; x_wconf 87' lang='lat' dir='ltr'>quae</span> <span class='ocrx_word' id='word_1_28' title='bbox 896 388 962 424; x_wconf 89' lang='lat' dir='ltr'>per</span> <span class='ocrx_word' id='word_1_29' title='bbox 980 375 1093 413; x_wconf 89' lang='lat' dir='ltr'>duces</span> <span class='ocrx_word' id='word_1_30' title='bbox 1111 389 1196 414; x_wconf 89' lang='lat' dir='ltr'>suos</span> <span class='ocrx_word' id='word_1_31' title='bbox 1215 382 1298 414; x_wconf 80' lang='lat' dir='ltr'>acta</span> <span class='ocrx_word' id='word_1_32' title='bbox 1315 386 1423 416; x_wconf 81' lang='lat' dir='ltr'>erant</span> 
     </span>
     <span class='ocr_line' id='line_1_5' title="bbox 249 429 1424 478; baseline 0.002 -11"><span class='ocrx_word' id='word_1_33' title='bbox 249 434 382 467; x_wconf 84' lang='lat' dir='ltr'>cuncta</span> <span class='ocrx_word' id='word_1_34' title='bbox 396 429 608 473; x_wconf 78' lang='lat' dir='ltr'>damnabat,</span> <span class='ocrx_word' id='word_1_35' title='bbox 625 435 727 466; x_wconf 81' lang='lat' dir='ltr'>ratus</span> <span class='ocrx_word' id='word_1_36' title='bbox 742 429 911 478; x_wconf 88' lang='lat' dir='ltr'>pluribus</span> <span class='ocrx_word' id='word_1_37' title='bbox 925 441 1061 475; x_wconf 86' lang='lat' dir='ltr'>curam,</span> <span class='ocrx_word' id='word_1_38' title='bbox 1078 430 1250 468; x_wconf 90' lang='lat' dir='ltr'>omnibus</span> <span class='ocrx_word' id='word_1_39' title='bbox 1263 431 1424 469; x_wconf 84' lang='lat' dir='ltr'>abfuisse</span> 
     </span>
     <span class='ocr_line' id='line_1_6' title="bbox 249 482 1423 534; baseline 0.002 -14"><span class='ocrx_word' id='word_1_40' title='bbox 249 484 450 521; x_wconf 81' lang='lat' dir='ltr'>fortunam.</span> <span class='ocrx_word' id='word_1_41' title='bbox 536 483 659 532; x_wconf 80' lang='lat' dir='ltr'>Igitur</span> <span class='ocrx_word' id='word_1_42' title='bbox 685 483 814 520; x_wconf 79' lang='lat' dir='ltr'>castris</span> <span class='ocrx_word' id='word_1_43' title='bbox 842 482 888 518; x_wconf 86' lang='lat' dir='ltr'>ad</span> <span class='ocrx_word' id='word_1_44' title='bbox 918 482 1149 532; x_wconf 79' lang='lat' dir='ltr'>Babylonem</span> <span class='ocrx_word' id='word_1_45' title='bbox 1175 483 1318 534; x_wconf 79' lang='lat' dir='ltr'>positiS,</span> <span class='ocrx_word' id='word_1_46' title='bbox 1347 498 1423 534; x_wconf 91' lang='lat' dir='ltr'>quo</span> 
     </span>
     <span class='ocr_line' id='line_1_7' title="bbox 248 536 1422 586; baseline 0.002 -12"><span class='ocrx_word' id='word_1_47' title='bbox 248 537 387 586; x_wconf 81' lang='lat' dir='ltr'>majore</span> <span class='ocrx_word' id='word_1_48' title='bbox 423 537 546 574; x_wconf 87' lang='lat' dir='ltr'>animo</span> <span class='ocrx_word' id='word_1_49' title='bbox 582 543 814 586; x_wconf 75' lang='lat' dir='ltr'>capesserent</span> <span class='ocrx_word' id='word_1_50' title='bbox 844 536 994 580; x_wconf 88' lang='lat' dir='ltr'>bellum,</span> <span class='ocrx_word' id='word_1_51' title='bbox 1033 538 1223 575; x_wconf 85' lang='lat' dir='ltr'>universas</span> <span class='ocrx_word' id='word_1_52' title='bbox 1258 538 1356 576; x_wconf 88' lang='lat' dir='ltr'>vires</span> <span class='ocrx_word' id='word_1_53' title='bbox 1382 540 1422 576; x_wconf 87' lang='lat' dir='ltr'>in</span> 
     </span>
     <span class='ocr_line' id='line_1_8' title="bbox 247 590 1421 640; baseline 0.002 -12"><span class='ocrx_word' id='word_1_54' title='bbox 247 596 485 640; x_wconf 82' lang='lat' dir='ltr'>conspectum</span> <span class='ocrx_word' id='word_1_55' title='bbox 504 591 609 628; x_wconf 80' lang='lat' dir='ltr'>dedit</span> <span class='ocrx_word' id='word_1_56' title='bbox 629 604 638 634; x_wconf 91' lang='lat'>;</span> <span class='ocrx_word' id='word_1_57' title='bbox 668 596 705 627; x_wconf 81' lang='lat' dir='ltr'>et</span> <span class='ocrx_word' id='word_1_58' title='bbox 725 590 953 627; x_wconf 84' lang='lat' dir='ltr'>circumdato</span> <span class='ocrx_word' id='word_1_59' title='bbox 968 590 1064 627; x_wconf 87' lang='lat' dir='ltr'>vallo</span> <span class='ocrx_word' id='word_1_60' title='bbox 1078 591 1178 639; x_wconf 92' lang='lat' dir='ltr'>quod</span> <span class='ocrx_word' id='word_1_61' title='bbox 1196 592 1325 629; x_wconf 89' lang='lat' dir='ltr'>decem</span> <span class='ocrx_word' id='word_1_62' title='bbox 1338 593 1421 630; x_wconf 85' lang='lat' dir='ltr'>mil-</span> 
     </span>
     <span class='ocr_line' id='line_1_9' title="bbox 249 643 1422 696; baseline 0.002 -15"><span class='ocrx_word' id='word_1_63' title='bbox 249 645 340 681; x_wconf 88' lang='lat' dir='ltr'><strong>lium</strong></span> <span class='ocrx_word' id='word_1_64' title='bbox 359 649 583 682; x_wconf 82' lang='lat' dir='ltr'>armatorum</span> <span class='ocrx_word' id='word_1_65' title='bbox 612 644 891 681; x_wconf 82' lang='lat' dir='ltr'>multitudinem</span> <span class='ocrx_word' id='word_1_66' title='bbox 911 648 1071 692; x_wconf 83' lang='lat' dir='ltr'>caperet,</span> <span class='ocrx_word' id='word_1_67' title='bbox 1089 643 1224 682; x_wconf 83' lang='lat' dir='ltr'>Xerxis</span> <span class='ocrx_word' id='word_1_68' title='bbox 1251 647 1422 696; x_wconf 84' lang='lat' dir='ltr'>exemplo</span> 
     </span>
     <span class='ocr_line' id='line_1_10' title="bbox 248 696 1421 748; baseline 0.001 -13"><span class='ocrx_word' id='word_1_69' title='bbox 248 711 441 735; x_wconf 83' lang='lat' dir='ltr'>numerum</span> <span class='ocrx_word' id='word_1_70' title='bbox 462 699 652 747; x_wconf 86' lang='lat' dir='ltr'>copiarum</span> <span class='ocrx_word' id='word_1_71' title='bbox 680 698 777 735; x_wconf 84' lang='lat' dir='ltr'>iniit.</span> <span class='ocrx_word' id='word_1_72' title='bbox 816 696 913 734; x_wconf 88' lang='lat' dir='ltr'>Orto</span> <span class='ocrx_word' id='word_1_73' title='bbox 932 697 1009 734; x_wconf 87' lang='lat' dir='ltr'>sole</span> <span class='ocrx_word' id='word_1_74' title='bbox 1028 698 1076 734; x_wconf 87' lang='lat' dir='ltr'>ad</span> <span class='ocrx_word' id='word_1_75' title='bbox 1095 703 1243 736; x_wconf 84' lang='lat' dir='ltr'>noctem</span> <span class='ocrx_word' id='word_1_76' title='bbox 1261 700 1421 748; x_wconf 81' lang='lat' dir='ltr'>agmina,</span> 
     </span>
     <span class='ocr_line' id='line_1_11' title="bbox 249 750 1427 802; baseline 0.002 -13"><span class='ocrx_word' id='word_1_77' title='bbox 249 753 345 790; x_wconf 76' lang='lat' dir='ltr'>sicut</span> <span class='ocrx_word' id='word_1_78' title='bbox 363 752 548 801; x_wconf 83' lang='lat' dir='ltr'>descripta</span> <span class='ocrx_word' id='word_1_79' title='bbox 567 757 685 795; x_wconf 81' lang='lat' dir='ltr'>erant,</span> <span class='ocrx_word' id='word_1_80' title='bbox 715 751 901 790; x_wconf 80' lang='lat' dir='ltr'>intravere</span> <span class='ocrx_word' id='word_1_81' title='bbox 920 750 1058 788; x_wconf 80' lang='lat' dir='ltr'>vallum</span> <span class='ocrx_word' id='word_1_82' title='bbox 1077 765 1086 789; x_wconf 73' lang='grc' dir='ltr'>ε</span> <span class='ocrx_word' id='word_1_83' title='bbox 1114 752 1204 789; x_wconf 88' lang='lat' dir='ltr'>inde</span> <span class='ocrx_word' id='word_1_84' title='bbox 1222 765 1427 802; x_wconf 84' lang='lat' dir='ltr'>occupave-</span> 
     </span>
     <span class='ocr_line' id='line_1_12' title="bbox 243 805 1422 855; baseline 0.001 -12"><span class='ocrx_word' id='word_1_85' title='bbox 243 812 334 844; x_wconf 78' lang='lat' dir='ltr'>runt</span> <span class='ocrx_word' id='word_1_86' title='bbox 361 806 493 853; x_wconf 84' lang='lat' dir='ltr'>emissa</span> <span class='ocrx_word' id='word_1_87' title='bbox 509 805 800 854; x_wconf 73' lang='lat' dir='ltr'>Mesopotamiae</span> <span class='ocrx_word' id='word_1_88' title='bbox 829 818 1007 854; x_wconf 86' lang='lat' dir='ltr'>campos;</span> <span class='ocrx_word' id='word_1_89' title='bbox 1037 806 1207 855; x_wconf 81' lang='lat' dir='ltr'>equitum</span> <span class='ocrx_word' id='word_1_90' title='bbox 1234 807 1422 855; x_wconf 79' lang='lat' dir='ltr'>peditum-</span> 
     </span>
     <span class='ocr_line' id='line_1_13' title="bbox 241 859 1423 910; baseline 0.001 -13"><span class='ocrx_word' id='word_1_91' title='bbox 241 873 313 910; x_wconf 89' lang='lat' dir='ltr'>que</span> <span class='ocrx_word' id='word_1_92' title='bbox 341 860 611 909; x_wconf 77' lang='lat' dir='ltr'>propemodum</span> <span class='ocrx_word' id='word_1_93' title='bbox 639 859 920 895; x_wconf 86' lang='lat' dir='ltr'>innumerabilis</span> <span class='ocrx_word' id='word_1_94' title='bbox 946 859 1071 904; x_wconf 79' lang='lat' dir='ltr'>turba,</span> <span class='ocrx_word' id='word_1_95' title='bbox 1098 859 1276 909; x_wconf 86' lang='lat' dir='ltr'>majorem</span> <span class='ocrx_word' id='word_1_96' title='bbox 1312 873 1423 910; x_wconf 89' lang='lat' dir='ltr'>quam</span> 
     </span>
     <span class='ocr_line' id='line_1_14' title="bbox 244 912 1426 964; baseline 0.002 -14"><span class='ocrx_word' id='word_1_97' title='bbox 244 927 312 964; x_wconf 86' lang='lat' dir='ltr'>pro</span> <span class='ocrx_word' id='word_1_98' title='bbox 339 926 496 950; x_wconf 88' lang='lat' dir='ltr'>numero</span> <span class='ocrx_word' id='word_1_99' title='bbox 524 914 681 962; x_wconf 81' lang='lat' dir='ltr'>speciem</span> <span class='ocrx_word' id='word_1_100' title='bbox 710 925 857 960; x_wconf 82' lang='lat' dir='ltr'>gerens.</span> <span class='ocrx_word' id='word_1_101' title='bbox 915 912 1113 950; x_wconf 82' lang='lat' dir='ltr'>Persarum</span> <span class='ocrx_word' id='word_1_102' title='bbox 1139 918 1248 952; x_wconf 82' lang='lat' dir='ltr'>erant</span> <span class='ocrx_word' id='word_1_103' title='bbox 1274 921 1426 952; x_wconf 83' lang='lat' dir='ltr'>centum</span> 
     </span>
     <span class='ocr_line' id='line_1_15' title="bbox 246 966 1428 1016; baseline 0.002 -12"><span class='ocrx_word' id='word_1_104' title='bbox 246 967 373 1013; x_wconf 83' lang='lat' dir='ltr'>millia,</span> <span class='ocrx_word' id='word_1_105' title='bbox 411 967 449 1003; x_wconf 89' lang='lat' dir='ltr'>in</span> <span class='ocrx_word' id='word_1_106' title='bbox 484 968 588 1016; x_wconf 88' lang='lat' dir='ltr'>queis</span> <span class='ocrx_word' id='word_1_107' title='bbox 613 967 908 1015; x_wconf 75' lang='lat' dir='ltr'>equestriginta</span> <span class='ocrx_word' id='word_1_108' title='bbox 933 966 1049 1003; x_wconf 83' lang='lat' dir='ltr'>millia</span> <span class='ocrx_word' id='word_1_109' title='bbox 1075 967 1265 1016; x_wconf 82' lang='lat' dir='ltr'>implebat.</span> <span class='ocrx_word' id='word_1_110' title='bbox 1322 968 1428 1006; x_wconf 86' lang='lat' dir='ltr'>Medi</span> 
     </span>
     <span class='ocr_line' id='line_1_16' title="bbox 247 1020 1423 1070; baseline 0.002 -12"><span class='ocrx_word' id='word_1_111' title='bbox 247 1022 374 1058; x_wconf 85' lang='lat' dir='ltr'>decem</span> <span class='ocrx_word' id='word_1_112' title='bbox 394 1021 575 1070; x_wconf 89' lang='lat' dir='ltr'>equitum,</span> <span class='ocrx_word' id='word_1_113' title='bbox 605 1021 875 1069; x_wconf 83' lang='lat' dir='ltr'>quinquaginta</span> <span class='ocrx_word' id='word_1_114' title='bbox 895 1020 1010 1056; x_wconf 83' lang='lat' dir='ltr'>millia</span> <span class='ocrx_word' id='word_1_115' title='bbox 1026 1020 1195 1070; x_wconf 85' lang='lat' dir='ltr'>peditum</span> <span class='ocrx_word' id='word_1_116' title='bbox 1222 1021 1423 1060; x_wconf 79' lang='lat' dir='ltr'>habebant.</span> 
     </span>
     <span class='ocr_line' id='line_1_17' title="bbox 247 1073 1425 1125; baseline 0 -13"><span class='ocrx_word' id='word_1_117' title='bbox 247 1075 498 1112; x_wconf 81' lang='lat' dir='ltr'>Barcanorum</span> <span class='ocrx_word' id='word_1_118' title='bbox 520 1075 686 1123; x_wconf 84' lang='lat' dir='ltr'>equitum</span> <span class='ocrx_word' id='word_1_119' title='bbox 715 1075 792 1110; x_wconf 90' lang='lat' dir='ltr'>duo</span> <span class='ocrx_word' id='word_1_120' title='bbox 819 1074 935 1110; x_wconf 89' lang='lat' dir='ltr'>millia</span> <span class='ocrx_word' id='word_1_121' title='bbox 960 1073 1074 1119; x_wconf 90' lang='lat' dir='ltr'>fuere,</span> <span class='ocrx_word' id='word_1_122' title='bbox 1103 1075 1236 1112; x_wconf 77' lang='lat' dir='ltr'>armati</span> <span class='ocrx_word' id='word_1_123' title='bbox 1254 1075 1425 1125; x_wconf 85' lang='lat' dir='ltr'>bipenni-</span> 
     </span>
     <span class='ocr_line' id='line_1_18' title="bbox 247 1128 1426 1178; baseline 0.003 -15"><span class='ocrx_word' id='word_1_124' title='bbox 247 1131 330 1175; x_wconf 81' lang='lat' dir='ltr'>bus,</span> <span class='ocrx_word' id='word_1_125' title='bbox 349 1129 567 1177; x_wconf 84' lang='lat' dir='ltr'>levibusque</span> <span class='ocrx_word' id='word_1_126' title='bbox 587 1130 700 1165; x_wconf 84' lang='lat' dir='ltr'>scutis</span> <span class='ocrx_word' id='word_1_127' title='bbox 727 1134 851 1164; x_wconf 86' lang='lat' dir='ltr'>cetrae</span> <span class='ocrx_word' id='word_1_128' title='bbox 869 1128 1028 1164; x_wconf 86' lang='lat' dir='ltr'>maxime</span> <span class='ocrx_word' id='word_1_129' title='bbox 1056 1129 1216 1178; x_wconf 86' lang='lat' dir='ltr'>speciem</span> <span class='ocrx_word' id='word_1_130' title='bbox 1233 1129 1426 1167; x_wconf 80' lang='lat' dir='ltr'>reddent-i-</span> 
     </span>
     <span class='ocr_line' id='line_1_19' title="bbox 248 1182 1423 1232; baseline 0.002 -13"><span class='ocrx_word' id='word_1_131' title='bbox 248 1185 342 1227; x_wconf 84' lang='lat' dir='ltr'>bus3</span> <span class='ocrx_word' id='word_1_132' title='bbox 372 1183 540 1232; x_wconf 81' lang='lat' dir='ltr'>peditum</span> <span class='ocrx_word' id='word_1_133' title='bbox 577 1183 705 1219; x_wconf 83' lang='lat' dir='ltr'>decem</span> <span class='ocrx_word' id='word_1_134' title='bbox 743 1182 858 1218; x_wconf 89' lang='lat' dir='ltr'>millia</span> <span class='ocrx_word' id='word_1_135' title='bbox 884 1182 965 1231; x_wconf 86' lang='lat' dir='ltr'>pari</span> <span class='ocrx_word' id='word_1_136' title='bbox 992 1185 1134 1220; x_wconf 75' lang='lat' dir='ltr'>armatu</span> <span class='ocrx_word' id='word_1_137' title='bbox 1161 1184 1423 1231; x_wconf 84' lang='lat' dir='ltr'>sequebantur.</span> 
     </span>
     <span class='ocr_line' id='line_1_20' title="bbox 250 1235 1427 1285; baseline 0.002 -13"><span class='ocrx_word' id='word_1_138' title='bbox 250 1237 418 1274; x_wconf 82' lang='lat' dir='ltr'>Armenii</span> <span class='ocrx_word' id='word_1_139' title='bbox 447 1237 696 1285; x_wconf 83' lang='lat' dir='ltr'>quadraginta</span> <span class='ocrx_word' id='word_1_140' title='bbox 727 1235 841 1272; x_wconf 84' lang='lat' dir='ltr'>millia</span> <span class='ocrx_word' id='word_1_141' title='bbox 877 1235 1053 1272; x_wconf 77' lang='lat' dir='ltr'>miserant</span> <span class='ocrx_word' id='word_1_142' title='bbox 1079 1236 1259 1285; x_wconf 79' lang='lat' dir='ltr'>peditum,</span> <span class='ocrx_word' id='word_1_143' title='bbox 1290 1236 1427 1274; x_wconf 81' lang='lat' dir='ltr'>additis</span> 
     </span>
     <span class='ocr_line' id='line_1_21' title="bbox 251 1289 1425 1340; baseline 0 -13"><span class='ocrx_word' id='word_1_144' title='bbox 251 1297 393 1340; x_wconf 83' lang='lat' dir='ltr'>septem</span> <span class='ocrx_word' id='word_1_145' title='bbox 429 1291 592 1326; x_wconf 87' lang='lat' dir='ltr'>millibus</span> <span class='ocrx_word' id='word_1_146' title='bbox 625 1289 803 1339; x_wconf 80' lang='lat' dir='ltr'>equitum.</span> <span class='ocrx_word' id='word_1_147' title='bbox 862 1289 1043 1338; x_wconf 82' lang='lat' dir='ltr'>Hyrcani,</span> <span class='ocrx_word' id='word_1_148' title='bbox 1072 1290 1227 1338; x_wconf 84' lang='lat' dir='ltr'>egregii,</span> <span class='ocrx_word' id='word_1_149' title='bbox 1256 1296 1300 1329; x_wconf 83' lang='lat' dir='ltr'>ut</span> <span class='ocrx_word' id='word_1_150' title='bbox 1326 1291 1425 1328; x_wconf 80' lang='lat' dir='ltr'>inter</span> 
     </span>
     <span class='ocr_line' id='line_1_22' title="bbox 250 1343 1424 1393; baseline -0.002 -12"><span class='ocrx_word' id='word_1_151' title='bbox 250 1345 333 1381; x_wconf 90' lang='lat' dir='ltr'>illas</span> <span class='ocrx_word' id='word_1_152' title='bbox 368 1350 512 1393; x_wconf 84' lang='lat' dir='ltr'>gentes,</span> <span class='ocrx_word' id='word_1_153' title='bbox 542 1357 607 1380; x_wconf 82' lang='lat' dir='ltr'>sex</span> <span class='ocrx_word' id='word_1_154' title='bbox 644 1343 760 1379; x_wconf 85' lang='lat' dir='ltr'>millia</span> <span class='ocrx_word' id='word_1_155' title='bbox 792 1343 1032 1392; x_wconf 79' lang='lat' dir='ltr'>expleverant</span> <span class='ocrx_word' id='word_1_156' title='bbox 1069 1344 1174 1392; x_wconf 88' lang='lat' dir='ltr'>equis</span> <span class='ocrx_word' id='word_1_157' title='bbox 1205 1344 1424 1382; x_wconf 85' lang='lat' dir='ltr'>militatura.</span> 
     </span>
     <span class='ocr_line' id='line_1_23' title="bbox 252 1397 1426 1448; baseline 0 -13"><span class='ocrx_word' id='word_1_158' title='bbox 252 1398 433 1436; x_wconf 74' lang='lat' dir='ltr'>Derbices</span> <span class='ocrx_word' id='word_1_159' title='bbox 452 1397 702 1446; x_wconf 79' lang='lat' dir='ltr'>quadraginta</span> <span class='ocrx_word' id='word_1_160' title='bbox 720 1397 835 1432; x_wconf 86' lang='lat' dir='ltr'>millia</span> <span class='ocrx_word' id='word_1_161' title='bbox 862 1397 1030 1445; x_wconf 84' lang='lat' dir='ltr'>peditum</span> <span class='ocrx_word' id='word_1_162' title='bbox 1056 1402 1315 1441; x_wconf 74' lang='lat' dir='ltr'>armaverant3</span> <span class='ocrx_word' id='word_1_163' title='bbox 1344 1398 1426 1448; x_wconf 88' lang='lat' dir='ltr'>plu-</span> 
     </span>
     <span class='ocr_line' id='line_1_24' title="bbox 250 1450 1427 1501; baseline 0 -12"><span class='ocrx_word' id='word_1_164' title='bbox 250 1452 354 1489; x_wconf 89' lang='lat' dir='ltr'>ribus</span> <span class='ocrx_word' id='word_1_165' title='bbox 373 1464 457 1488; x_wconf 86' lang='lat' dir='ltr'>aere</span> <span class='ocrx_word' id='word_1_166' title='bbox 486 1458 551 1488; x_wconf 86' lang='lat' dir='ltr'>aut</span> <span class='ocrx_word' id='word_1_167' title='bbox 578 1454 677 1487; x_wconf 71' lang='lat' dir='ltr'>ferro</span> <span class='ocrx_word' id='word_1_168' title='bbox 705 1451 889 1499; x_wconf 81' lang='lat' dir='ltr'>preafixae</span> <span class='ocrx_word' id='word_1_169' title='bbox 916 1450 1073 1495; x_wconf 87' lang='lat' dir='ltr'>hastae;</span> <span class='ocrx_word' id='word_1_170' title='bbox 1103 1451 1256 1499; x_wconf 88' lang='lat' dir='ltr'>quidam</span> <span class='ocrx_word' id='word_1_171' title='bbox 1281 1451 1427 1501; x_wconf 86' lang='lat' dir='ltr'>lignum</span> 
     </span>
     <span class='ocr_line' id='line_1_25' title="bbox 249 1504 1430 1554; baseline 0.001 -12"><span class='ocrx_word' id='word_1_172' title='bbox 249 1507 333 1554; x_wconf 82' lang='lat' dir='ltr'>igne</span> <span class='ocrx_word' id='word_1_173' title='bbox 361 1505 615 1542; x_wconf 81' lang='lat' dir='ltr'>duraverant:</span> <span class='ocrx_word' id='word_1_174' title='bbox 653 1505 719 1541; x_wconf 87' lang='lat' dir='ltr'>hos</span> <span class='ocrx_word' id='word_1_175' title='bbox 752 1516 900 1553; x_wconf 88' lang='lat' dir='ltr'>quoque</span> <span class='ocrx_word' id='word_1_176' title='bbox 935 1504 1011 1540; x_wconf 89' lang='lat' dir='ltr'>duo</span> <span class='ocrx_word' id='word_1_177' title='bbox 1048 1504 1164 1541; x_wconf 86' lang='lat' dir='ltr'>millia.</span> <span class='ocrx_word' id='word_1_178' title='bbox 1190 1505 1357 1554; x_wconf 77' lang='lat' dir='ltr'>equitum</span> <span class='ocrx_word' id='word_1_179' title='bbox 1383 1519 1430 1543; x_wconf 86' lang='lat' dir='ltr'>ex</span> 
     </span>
     <span class='ocr_line' id='line_1_26' title="bbox 248 1557 1429 1607; baseline 0.001 -11"><span class='ocrx_word' id='word_1_180' title='bbox 248 1559 378 1597; x_wconf 86' lang='lat' dir='ltr'>eadem</span> <span class='ocrx_word' id='word_1_181' title='bbox 397 1565 505 1606; x_wconf 82' lang='lat' dir='ltr'>gente</span> <span class='ocrx_word' id='word_1_182' title='bbox 524 1558 699 1596; x_wconf 82' lang='lat' dir='ltr'>comitata</span> <span class='ocrx_word' id='word_1_183' title='bbox 713 1563 814 1594; x_wconf 90' lang='lat' dir='ltr'>sunt.</span> <span class='ocrx_word' id='word_1_184' title='bbox 871 1558 904 1593; x_wconf 85' lang='lat' dir='ltr'><strong>A</strong></span> <span class='ocrx_word' id='word_1_185' title='bbox 922 1557 1058 1607; x_wconf 85' lang='lat' dir='ltr'>Caspio</span> <span class='ocrx_word' id='word_1_186' title='bbox 1070 1559 1163 1595; x_wconf 88' lang='lat' dir='ltr'>mari</span> <span class='ocrx_word' id='word_1_187' title='bbox 1178 1567 1264 1597; x_wconf 88' lang='lat' dir='ltr'>octo</span> <span class='ocrx_word' id='word_1_188' title='bbox 1273 1559 1429 1597; x_wconf 88' lang='lat' dir='ltr'>millium</span> 
     </span>
     <span class='ocr_line' id='line_1_27' title="bbox 251 1611 1429 1663; baseline 0 -13"><span class='ocrx_word' id='word_1_189' title='bbox 251 1613 424 1663; x_wconf 83' lang='lat' dir='ltr'>pedester</span> <span class='ocrx_word' id='word_1_190' title='bbox 453 1613 636 1649; x_wconf 72' lang='lat' dir='ltr'>exercitus</span> <span class='ocrx_word' id='word_1_191' title='bbox 666 1619 828 1656; x_wconf 78' lang='lat' dir='ltr'>venerat,</span> <span class='ocrx_word' id='word_1_192' title='bbox 858 1611 1010 1649; x_wconf 75' lang='lat' dir='ltr'>ducenti</span> <span class='ocrx_word' id='word_1_193' title='bbox 1037 1612 1195 1661; x_wconf 84' lang='lat' dir='ltr'>equites.</span> <span class='ocrx_word' id='word_1_194' title='bbox 1251 1613 1347 1651; x_wconf 86' lang='lat' dir='ltr'>Cum</span> <span class='ocrx_word' id='word_1_195' title='bbox 1372 1613 1429 1650; x_wconf 80' lang='lat' dir='ltr'>his</span> 
     </span>
     <span class='ocr_line' id='line_1_28' title="bbox 253 1665 1428 1716; baseline 0 -12"><span class='ocrx_word' id='word_1_196' title='bbox 253 1673 359 1704; x_wconf 80' lang='lat' dir='ltr'>erant</span> <span class='ocrx_word' id='word_1_197' title='bbox 378 1667 562 1715; x_wconf 77' lang='lat' dir='ltr'>ignobiles</span> <span class='ocrx_word' id='word_1_198' title='bbox 591 1666 683 1702; x_wconf 74' lang='lat' dir='ltr'>aliae</span> <span class='ocrx_word' id='word_1_199' title='bbox 710 1670 841 1713; x_wconf 76' lang='lat' dir='ltr'>gentes</span> <span class='ocrx_word' id='word_1_200' title='bbox 869 1665 945 1701; x_wconf 89' lang='lat' dir='ltr'>duo</span> <span class='ocrx_word' id='word_1_201' title='bbox 973 1665 1088 1702; x_wconf 80' lang='lat' dir='ltr'>millia</span> <span class='ocrx_word' id='word_1_202' title='bbox 1114 1666 1295 1714; x_wconf 86' lang='lat' dir='ltr'>peditum,</span> <span class='ocrx_word' id='word_1_203' title='bbox 1325 1667 1428 1716; x_wconf 87' lang='lat' dir='ltr'>equi-</span> 
     </span>
     <span class='ocr_line' id='line_1_29' title="bbox 256 1718 1430 1769; baseline 0 -11"><span class='ocrx_word' id='word_1_204' title='bbox 256 1730 337 1759; x_wconf 80' lang='lat' dir='ltr'>tum</span> <span class='ocrx_word' id='word_1_205' title='bbox 357 1720 542 1769; x_wconf 82' lang='lat' dir='ltr'>duplicem</span> <span class='ocrx_word' id='word_1_206' title='bbox 556 1725 775 1768; x_wconf 77' lang='lat' dir='ltr'>paraverant</span> <span class='ocrx_word' id='word_1_207' title='bbox 791 1731 998 1756; x_wconf 87' lang='lat' dir='ltr'>numerum.</span> <span class='ocrx_word' id='word_1_208' title='bbox 1055 1718 1129 1755; x_wconf 89' lang='lat' dir='ltr'>His</span> <span class='ocrx_word' id='word_1_209' title='bbox 1143 1720 1258 1769; x_wconf 88' lang='lat' dir='ltr'>copiis</span> <span class='ocrx_word' id='word_1_210' title='bbox 1272 1720 1430 1769; x_wconf 83' lang='lat' dir='ltr'>triginta</span> 
     </span>
     <span class='ocr_line' id='line_1_30' title="bbox 253 1772 1429 1824; baseline 0 -13"><span class='ocrx_word' id='word_1_211' title='bbox 253 1774 368 1811; x_wconf 82' lang='lat' dir='ltr'>millia</span> <span class='ocrx_word' id='word_1_212' title='bbox 389 1774 628 1818; x_wconf 81' lang='lat' dir='ltr'>Graecorum,</span> <span class='ocrx_word' id='word_1_213' title='bbox 661 1773 829 1809; x_wconf 81' lang='lat' dir='ltr'>mercede</span> <span class='ocrx_word' id='word_1_214' title='bbox 847 1772 1043 1818; x_wconf 85' lang='lat' dir='ltr'>eonducta,</span> <span class='ocrx_word' id='word_1_215' title='bbox 1064 1773 1239 1822; x_wconf 78' lang='lat' dir='ltr'>egregiae</span> <span class='ocrx_word' id='word_1_216' title='bbox 1254 1773 1429 1824; x_wconf 81' lang='lat' dir='ltr'>juventu-</span> 
     </span>
     <span class='ocr_line' id='line_1_31' title="bbox 253 1826 1428 1881; baseline 0 -16"><span class='ocrx_word' id='word_1_217' title='bbox 253 1829 312 1874; x_wconf 85' lang='lat' dir='ltr'>tis,</span> <span class='ocrx_word' id='word_1_218' title='bbox 329 1827 482 1881; x_wconf 20' lang='lat' dir='ltr'>adjecta*</span> <span class='ocrx_word' id='word_1_219' title='bbox 495 1833 594 1864; x_wconf 77' lang='lat' dir='ltr'>sunt.</span> <span class='ocrx_word' id='word_1_220' title='bbox 633 1828 728 1863; x_wconf 84' lang='lat' dir='ltr'>Nam</span> <span class='ocrx_word' id='word_1_221' title='bbox 744 1826 964 1864; x_wconf 79' lang='lat' dir='ltr'>Bactrianos</span> <span class='ocrx_word' id='word_1_222' title='bbox 982 1833 1020 1864; x_wconf 82' lang='lat' dir='ltr'>et</span> <span class='ocrx_word' id='word_1_223' title='bbox 1040 1826 1250 1875; x_wconf 84' lang='lat' dir='ltr'>Sogdianos</span> <span class='ocrx_word' id='word_1_224' title='bbox 1263 1831 1302 1866; x_wconf 75' lang='lat' dir='ltr'>et</span> <span class='ocrx_word' id='word_1_225' title='bbox 1314 1827 1428 1865; x_wconf 85' lang='lat' dir='ltr'>Indos</span> 
     </span>
     <span class='ocr_line' id='line_1_32' title="bbox 252 1880 1426 1932; baseline 0 -13"><span class='ocrx_word' id='word_1_226' title='bbox 252 1881 609 1930; x_wconf 60' lang='lat' dir='ltr'>ceterosquellubri</span> <span class='ocrx_word' id='word_1_227' title='bbox 632 1881 745 1917; x_wconf 81' lang='lat' dir='ltr'>Maris</span> <span class='ocrx_word' id='word_1_228' title='bbox 774 1880 926 1923; x_wconf 77' lang='lat' dir='ltr'>accolas,</span> <span class='ocrx_word' id='word_1_229' title='bbox 946 1881 1071 1928; x_wconf 78' lang='lat' dir='ltr'>ignota</span> <span class='ocrx_word' id='word_1_230' title='bbox 1099 1880 1211 1918; x_wconf 80' lang='lat' dir='ltr'>etiam</span> <span class='ocrx_word' id='word_1_231' title='bbox 1237 1881 1308 1932; x_wconf 86' lang='lat' dir='ltr'>ipsi</span> <span class='ocrx_word' id='word_1_232' title='bbox 1334 1894 1426 1931; x_wconf 87' lang='lat' dir='ltr'>gen-</span> 
     </span>
     <span class='ocr_line' id='line_1_33' title="bbox 253 1934 1118 1983; baseline -0.002 -10"><span class='ocrx_word' id='word_1_233' title='bbox 253 1936 350 1973; x_wconf 77' lang='lat' dir='ltr'>tium</span> <span class='ocrx_word' id='word_1_234' title='bbox 368 1936 530 1977; x_wconf 81' lang='lat' dir='ltr'>nomina,</span> <span class='ocrx_word' id='word_1_235' title='bbox 551 1935 739 1972; x_wconf 81' lang='lat' dir='ltr'>festinatio</span> <span class='ocrx_word' id='word_1_236' title='bbox 757 1934 978 1983; x_wconf 72' lang='lat' dir='ltr'>prohibebat</span> <span class='ocrx_word' id='word_1_237' title='bbox 995 1934 1118 1972; x_wconf 83' lang='lat' dir='ltr'>acciri.</span> 
     </span>
    </p>

    <p class='ocr_par' dir='ltr' id='par_1_3' title="bbox 254 1988 1429 2467">
     <span class='ocr_line' id='line_1_34' title="bbox 309 1988 1426 2038; baseline 0.001 -13"><span class='ocrx_word' id='word_1_238' title='bbox 309 1989 356 2026; x_wconf 94' lang='lat' dir='ltr'>V.</span> <span class='ocrx_word' id='word_1_239' title='bbox 385 1989 466 2026; x_wconf 88' lang='lat' dir='ltr'>Nec</span> <span class='ocrx_word' id='word_1_240' title='bbox 486 1989 682 2038; x_wconf 86' lang='lat' dir='ltr'>quicquam</span> <span class='ocrx_word' id='word_1_241' title='bbox 703 1988 757 2024; x_wconf 87' lang='lat' dir='ltr'>illi</span> <span class='ocrx_word' id='word_1_242' title='bbox 775 1988 896 2024; x_wconf 89' lang='lat' dir='ltr'>minus</span> <span class='ocrx_word' id='word_1_243' title='bbox 915 2000 1026 2037; x_wconf 87' lang='lat' dir='ltr'>quam</span> <span class='ocrx_word' id='word_1_244' title='bbox 1045 1988 1249 2026; x_wconf 77' lang='lat' dir='ltr'>multitudo</span> <span class='ocrx_word' id='word_1_245' title='bbox 1266 1989 1426 2028; x_wconf 83' lang='lat' dir='ltr'>militum</span> 
     </span>
     <span class='ocr_line' id='line_1_35' title="bbox 254 2041 1426 2091; baseline 0 -11"><span class='ocrx_word' id='word_1_246' title='bbox 254 2043 398 2080; x_wconf 82' lang='lat' dir='ltr'>defuit:</span> <span class='ocrx_word' id='word_1_247' title='bbox 428 2042 532 2091; x_wconf 89' lang='lat' dir='ltr'>cujus</span> <span class='ocrx_word' id='word_1_248' title='bbox 552 2049 631 2079; x_wconf 88' lang='lat' dir='ltr'>tum</span> <span class='ocrx_word' id='word_1_249' title='bbox 651 2043 843 2079; x_wconf 81' lang='lat' dir='ltr'>universae</span> <span class='ocrx_word' id='word_1_250' title='bbox 870 2041 1048 2090; x_wconf 86' lang='lat' dir='ltr'>adspectu</span> <span class='ocrx_word' id='word_1_251' title='bbox 1066 2042 1268 2080; x_wconf 83' lang='lat' dir='ltr'>admodum</span> <span class='ocrx_word' id='word_1_252' title='bbox 1294 2043 1426 2089; x_wconf 75' lang='lat' dir='ltr'>laetus,</span> 
     </span>
     <span class='ocr_line' id='line_1_36' title="bbox 256 2095 1427 2146; baseline 0 -13"><span class='ocrx_word' id='word_1_253' title='bbox 256 2097 472 2146; x_wconf 85' lang='lat' dir='ltr'>purpuratis</span> <span class='ocrx_word' id='word_1_254' title='bbox 491 2097 599 2133; x_wconf 82' lang='lat' dir='ltr'>solita</span> <span class='ocrx_word' id='word_1_255' title='bbox 617 2096 782 2132; x_wconf 81' lang='lat' dir='ltr'>vanitate</span> <span class='ocrx_word' id='word_1_256' title='bbox 809 2108 910 2144; x_wconf 86' lang='lat' dir='ltr'>spem</span> <span class='ocrx_word' id='word_1_257' title='bbox 929 2095 1009 2143; x_wconf 86' lang='lat' dir='ltr'>ejus</span> <span class='ocrx_word' id='word_1_258' title='bbox 1027 2095 1255 2142; x_wconf 77' lang='lat' dir='ltr'>inflantibus,</span> <span class='ocrx_word' id='word_1_259' title='bbox 1276 2109 1427 2135; x_wconf 85' lang='lat' dir='ltr'>conver-</span> 
     </span>
     <span class='ocr_line' id='line_1_37' title="bbox 257 2149 1429 2199; baseline 0 -12"><span class='ocrx_word' id='word_1_260' title='bbox 257 2163 319 2187; x_wconf 88' lang='lat' dir='ltr'>sus</span> <span class='ocrx_word' id='word_1_261' title='bbox 338 2150 386 2187; x_wconf 85' lang='lat' dir='ltr'>ad</span> <span class='ocrx_word' id='word_1_262' title='bbox 407 2150 668 2186; x_wconf 84' lang='lat' dir='ltr'>Charidemum</span> <span class='ocrx_word' id='word_1_263' title='bbox 698 2150 976 2194; x_wconf 84' lang='lat' dir='ltr'>Atheniensem,</span> <span class='ocrx_word' id='word_1_264' title='bbox 1005 2149 1093 2186; x_wconf 90' lang='lat' dir='ltr'>belli</span> <span class='ocrx_word' id='word_1_265' title='bbox 1111 2150 1272 2199; x_wconf 86' lang='lat' dir='ltr'>peritum</span> <span class='ocrx_word' id='word_1_266' title='bbox 1300 2157 1351 2197; x_wconf 86' lang='lat' dir='ltr'>et,</span> <span class='ocrx_word' id='word_1_267' title='bbox 1380 2151 1429 2188; x_wconf 92' lang='lat' dir='ltr'>ob</span> 
     </span>
     <span class='ocr_line' id='line_1_38' title="bbox 259 2201 1428 2254; baseline 0 -14"><span class='ocrx_word' id='word_1_268' title='bbox 259 2204 421 2248; x_wconf 86' lang='lat' dir='ltr'>exilium,</span> <span class='ocrx_word' id='word_1_269' title='bbox 442 2203 617 2240; x_wconf 82' lang='lat' dir='ltr'>infestum</span> <span class='ocrx_word' id='word_1_270' title='bbox 645 2203 874 2246; x_wconf 80' lang='lat' dir='ltr'>Alexandro,</span> <span class='ocrx_word' id='word_1_271' title='bbox 903 2201 1056 2252; x_wconf 86' lang='lat' dir='ltr'>(quippe</span> <span class='ocrx_word' id='word_1_272' title='bbox 1073 2204 1244 2250; x_wconf 86' lang='lat' dir='ltr'>Athenis,</span> <span class='ocrx_word' id='word_1_273' title='bbox 1267 2204 1428 2254; x_wconf 79' lang='lat' dir='ltr'>jubente</span> 
     </span>
     <span class='ocr_line' id='line_1_39' title="bbox 260 2256 1427 2307; baseline 0 -12"><span class='ocrx_word' id='word_1_274' title='bbox 260 2270 315 2303; x_wconf 87' lang='lat' dir='ltr'>eo,</span> <span class='ocrx_word' id='word_1_275' title='bbox 334 2257 455 2294; x_wconf 83' lang='lat' dir='ltr'>fuerat</span> <span class='ocrx_word' id='word_1_276' title='bbox 475 2256 665 2307; x_wconf 79' lang='lat' dir='ltr'>expulsus)</span> <span class='ocrx_word' id='word_1_277' title='bbox 697 2257 905 2305; x_wconf 83' lang='lat' dir='ltr'>percontari</span> <span class='ocrx_word' id='word_1_278' title='bbox 924 2257 1057 2306; x_wconf 78' lang='lat' dir='ltr'>coepit,</span> <span class='ocrx_word' id='word_1_279' title='bbox 1079 2258 1216 2295; x_wconf 84' lang='lat' dir='ltr'>satisne</span> <span class='ocrx_word' id='word_1_280' title='bbox 1232 2257 1266 2294; x_wconf 85' lang='lat' dir='ltr'>ei</span> <span class='ocrx_word' id='word_1_281' title='bbox 1284 2258 1427 2296; x_wconf 89' lang='lat' dir='ltr'>videre-</span> 
     </span>
     <span class='ocr_line' id='line_1_40' title="bbox 258 2310 1428 2350; baseline 0 -1"><span class='ocrx_word' id='word_1_282' title='bbox 258 2315 321 2350; x_wconf 74' lang='lat' dir='ltr'>tur</span> <span class='ocrx_word' id='word_1_283' title='bbox 341 2311 545 2348; x_wconf 85' lang='lat' dir='ltr'>instructus</span> <span class='ocrx_word' id='word_1_284' title='bbox 565 2311 611 2346; x_wconf 85' lang='lat' dir='ltr'>ad</span> <span class='ocrx_word' id='word_1_285' title='bbox 640 2311 884 2347; x_wconf 83' lang='lat' dir='ltr'>obt-erendum</span> <span class='ocrx_word' id='word_1_286' title='bbox 911 2310 1067 2348; x_wconf 78' lang='lat' dir='ltr'>hostem.</span> <span class='ocrx_word' id='word_1_287' title='bbox 1123 2312 1178 2350; x_wconf 72' lang='lat' dir='ltr'>At</span> <span class='ocrx_word' id='word_1_288' title='bbox 1195 2311 1258 2349; x_wconf 87' lang='lat' dir='ltr'>ille</span> <span class='ocrx_word' id='word_1_289' title='bbox 1270 2315 1315 2349; x_wconf 76' lang='lat' dir='ltr'>et</span> <span class='ocrx_word' id='word_1_290' title='bbox 1340 2324 1428 2349; x_wconf 86' lang='lat' dir='ltr'>suae</span> 
     </span>
     <span class='ocr_line' id='line_1_41' title="bbox 260 2364 1428 2414; baseline 0.001 -12"><span class='ocrx_word' id='word_1_291' title='bbox 260 2365 369 2403; x_wconf 82' lang='lat' dir='ltr'>sortis</span> <span class='ocrx_word' id='word_1_292' title='bbox 388 2372 426 2402; x_wconf 83' lang='lat' dir='ltr'>et</span> <span class='ocrx_word' id='word_1_293' title='bbox 444 2365 568 2413; x_wconf 83' lang='lat' dir='ltr'>regiae</span> <span class='ocrx_word' id='word_1_294' title='bbox 587 2364 780 2412; x_wconf 73' lang='lat' dir='ltr'>superbiae</span> <span class='ocrx_word' id='word_1_295' title='bbox 807 2364 943 2402; x_wconf 87' lang='lat' dir='ltr'>oblitus</span> <span class='ocrx_word' id='word_1_296' title='bbox 963 2377 972 2408; x_wconf 82' lang='lat'><em>3</em></span> <span class='ocrx_word' id='word_1_297' title='bbox 1004 2369 1014 2385; x_wconf 90' lang='lat'><em>‘</em></span> <span class='ocrx_word' id='word_1_298' title='bbox 1030 2364 1197 2412; x_wconf 86' lang='lat' dir='ltr'>Verum,&#39;</span> <span class='ocrx_word' id='word_1_299' title='bbox 1213 2365 1354 2414; x_wconf 68' lang='lat' dir='ltr'>inquit,</span> <span class='ocrx_word' id='word_1_300' title='bbox 1369 2369 1379 2387; x_wconf 84' lang='lat'><em>⁶</em></span> <span class='ocrx_word' id='word_1_301' title='bbox 1391 2371 1428 2403; x_wconf 75' lang='lat' dir='ltr'>et</span> 
     </span>
     <span class='ocr_line' id='line_1_42' title="bbox 258 2418 1429 2467; baseline 0 -11"><span class='ocrx_word' id='word_1_302' title='bbox 258 2425 301 2457; x_wconf 82' lang='lat' dir='ltr'>tu</span> <span class='ocrx_word' id='word_1_303' title='bbox 319 2419 440 2456; x_wconf 85' lang='lat' dir='ltr'>forsan</span> <span class='ocrx_word' id='word_1_304' title='bbox 462 2418 590 2456; x_wconf 85' lang='lat' dir='ltr'>audire</span> <span class='ocrx_word' id='word_1_305' title='bbox 618 2418 712 2454; x_wconf 89' lang='lat' dir='ltr'>nolis</span> <span class='ocrx_word' id='word_1_306' title='bbox 733 2431 742 2465; x_wconf 65' lang='grc' dir='ltr'><strong>ς</strong></span> <span class='ocrx_word' id='word_1_307' title='bbox 770 2423 810 2456; x_wconf 78' lang='lat' dir='ltr'>et</span> <span class='ocrx_word' id='word_1_308' title='bbox 835 2431 918 2467; x_wconf 84' lang='lat' dir='ltr'>ego,</span> <span class='ocrx_word' id='word_1_309' title='bbox 946 2418 1017 2456; x_wconf 86' lang='lat' dir='ltr'>nisi</span> <span class='ocrx_word' id='word_1_310' title='bbox 1044 2431 1144 2456; x_wconf 87' lang='lat' dir='ltr'>nunc</span> <span class='ocrx_word' id='word_1_311' title='bbox 1170 2418 1311 2466; x_wconf 86' lang='lat' dir='ltr'>dixero,</span> <span class='ocrx_word' id='word_1_312' title='bbox 1341 2419 1429 2457; x_wconf 81' lang='lat' dir='ltr'>alias</span> 
     </span>
    </p>
   </div>
  </div>
 </body>
</html>
