1496 2671
241 150 293 188 22
607 147 902 188 AGRICOLAE
932 149 1079 188 VITA.

239 261 466 305 ruentesque
492 255 545 293 ita
573 255 769 305 disposuit,
788 261 832 294 ut
858 258 1029 308 peditum
1057 256 1209 304 auxilia,
1229 269 1310 307 quae
1339 261 1424 307 octo

239 311 357 348 millia
398 314 519 355 erant,
547 310 709 347 mediam
745 309 862 347 aciem
906 311 1112 357 firmarent,
1151 311 1319 359 equitum
1349 312 1423 350 tria

240 364 357 401 millia
371 363 546 401 cornibus
561 363 876 402 adfunderentur:
895 365 1063 413 legiones
1076 377 1145 414 pro
1157 365 1256 403 vallo
1271 369 1424 409 stetere,

238 419 275 454 in
279 430 372 467 gens
380 417 544 454 victoriae
556 417 670 454 decus
685 417 779 455 citra
791 417 1006 455 Romanum
1018 418 1239 467 sanguinem
1254 418 1425 463 bellanti,

238 478 276 509 ct
296 472 478 508 auxilium
507 471 538 507 si
565 471 806 520 pellerentur.
864 470 1136 509 Britannorum
1155 473 1252 510 acies
1280 472 1321 509 in
1338 483 1421 521 spe-

238 525 331 562 ciem
351 524 463 562 simul
478 537 520 561 ac
536 529 716 562 terrorem
728 525 948 562 editioribus
964 525 1054 561 locis
1068 526 1300 572 constiterat,
1312 526 1368 564 ita
1381 530 1426 562 ut

236 579 398 628 primum
420 591 556 628 agmen
583 590 702 626 aequo,
723 578 838 616 ceteri
857 591 923 627 per
951 578 1090 615 acclive
1102 577 1240 627 jugum
1266 579 1428 618 connexi

240 632 341 670 velut
360 633 622 681 insurgerent:
644 633 767 669 media
787 632 908 681 campi
923 632 1133 669 covinarius
1147 637 1186 671 et
1204 644 1316 682 eques
1331 637 1426 671 stre-

238 686 322 735 pitu
349 699 392 723 ac
420 686 591 723 discursu
610 686 835 735 complebat.
895 685 995 722 Tum
1013 685 1205 735 Agricola,
1226 691 1427 736 superante

238 740 404 778 hostium
419 740 673 785 multitudine,
695 739 848 784 veritus,
869 751 918 776 ne
938 740 1048 776 simul
1066 740 1106 776 in
1121 739 1296 787 frontem,
1315 739 1427 778 simul

238 799 276 832 et
303 794 423 831 latera
446 805 600 830 suorum
629 797 878 842 pugnaretur,
898 793 1062 831 diductis
1083 793 1288 838 ordinibus,
1309 805 1426 842 quan-

238 860 353 896 quam
372 847 580 895 porrectior
600 847 696 883 acies
715 846 843 883 futura
862 852 956 893 erat,
977 851 1016 885 et
1035 850 1059 870 ‘⁶
1076 846 1337 885 arcessendas”
1350 847 1430 897 ple-

238 901 344 949 rique
382 899 610 948 “legiones''
639 900 910 945 admonebant,
940 900 1149 950 promptior
1175 901 1216 937 in
1244 913 1360 949 spem,
1389 904 1429 938 et

237 954 365 990 firmus
385 953 564 998 adversis,
580 952 734 990 dimisso
749 965 846 1001 equo
861 953 975 1002 pedes
990 960 1079 991 ante
1094 954 1231 991 vexilla
1244 953 1428 993 constitit.

291 1006 474 1045 XXXVI.
505 1008 562 1043 Ac
599 1008 719 1056 primo
752 1019 956 1055 congressu
992 1007 1138 1044 eminus
1171 1008 1388 1046 certabatur
1411 1018 1422 1043 z

238 1061 349 1098 simul
370 1061 594 1106 constantia,
609 1060 719 1097 simul
734 1064 815 1097 arte
836 1060 1024 1106 Britanni,
1042 1061 1264 1110 ingentibus
1277 1061 1428 1110 gladiis,

239 1120 277 1153 et
296 1115 473 1152 brevibus
494 1115 618 1160 ceti-is,
648 1114 802 1151 missilia
829 1119 1047 1152 nostrorum
1074 1115 1206 1161 vitare,
1227 1115 1288 1152 vel
1315 1127 1428 1153 excu-

238 1173 343 1213 tere3
375 1172 488 1219 atque
525 1169 596 1218 ipsi
626 1180 802 1215 magnam
831 1168 906 1205 vim
936 1168 1100 1205 telorum
1138 1168 1429 1217 superfundere:

239 1222 359 1260 donec
379 1222 560 1271 Agricola
580 1229 655 1260 tres
672 1221 901 1259 Batavorum
920 1222 1105 1267 cohortes,
1127 1234 1170 1259 ac
1185 1222 1430 1271 Tungrorum

240 1276 331 1313 duas
351 1277 465 1314 cohor
470 1282 570 1314 tatus
590 1282 659 1320 cst,
676 1281 718 1313 ut
733 1287 812 1312 rem
826 1275 874 1311 ad
889 1287 1085 1312 mucrones
1100 1288 1143 1312 ac
1163 1288 1298 1312 manus
1311 1275 1430 1312 addu-

238 1336 389 1368 cerent:
421 1329 524 1380 quod
552 1335 590 1366 et
618 1329 706 1378 ipsis
734 1332 922 1365 vetustate
943 1328 1086 1365 militiae
1111 1329 1371 1381 exercitatum,
1392 1334 1431 1366 et

239 1383 410 1421 hostibus
429 1383 604 1426 inhabile,
627 1393 740 1431 parva
755 1386 861 1418 scuta
881 1387 919 1418 et
938 1393 1110 1418 enormes
1127 1381 1275 1431 gladios
1293 1394 1428 1431 geren·-

241 1437 366 1474 tibus:
385 1450 470 1474 nam
492 1436 763 1473 Britannorum
779 1434 896 1483 gladii
911 1435 991 1472 sine
1002 1447 1181 1473 muclone
1195 1436 1430 1485 complexum

241 1503 441 1535 armorum,
470 1496 507 1527 et
526 1489 565 1525 in
594 1493 699 1526 arcto
719 1501 884 1538 pugnam
906 1501 984 1525 non
1010 1488 1238 1528 tolerabant.
1294 1488 1429 1538 Igitur,

242 1548 285 1582 ut
303 1544 437 1581 Batavi
456 1543 611 1580 miscere
639 1542 750 1587 ictus,
779 1542 890 1578 ferire
915 1542 1154 1589 umbonibus,
1184 1555 1250 1581 ora
1277 1543 1430 1588 foedare,

241 1602 278 1635 et
299 1598 439 1643 tractis,
451 1596 514 1645 qui
532 1596 572 1632 in
589 1608 697 1645 aequo
714 1595 951 1640 obstiterant,
968 1595 1114 1645 erigere
1127 1596 1168 1633 in
1183 1597 1297 1635 colles
1311 1597 1431 1634 aciem

243 1663 415 1700 coepere;
446 1656 580 1688 ceterae
610 1650 794 1694 cohortes,
825 1649 1066 1686 aemulatione
1093 1655 1132 1688 et
1158 1650 1302 1700 impetu
1329 1661 1432 1689 com-

242 1706 375 1750 mistae,
392 1706 582 1754 proximos
602 1715 767 1752 quosque
788 1703 953 1740 caedere:
976 1715 1018 1739 ac
1038 1703 1206 1753 plerique
1217 1704 1432 1750 semineces,

244 1765 310 1796 aut
336 1758 488 1806 integri,
526 1757 766 1795 festinatione
795 1756 961 1793 victoriae
989 1757 1313 1807 relinquebantur.
1368 1757 1432 1794 In-

244 1813 354 1850 terim
371 1812 540 1860 equitum
554 1816 687 1848 turmae
701 1810 843 1859 fugere,
858 1809 1039 1847 covinarii
1051 1811 1223 1860 peditum
1243 1824 1283 1849 se
1301 1810 1433 1861 proelio

246 1866 443 1903 miscuere:
484 1870 522 1902 et
549 1876 760 1913 quanquam
788 1870 978 1900 recentem
1004 1868 1185 1901 terrorem
1212 1864 1434 1910 intulerant,

247 1919 372 1957 densis
399 1924 526 1956 tamen
556 1917 720 1955 hostium
748 1917 973 1966 agminibus,
1004 1922 1043 1954 et
1069 1917 1317 1965 inaequalibus
1344 1917 1435 1955 locis

247 1973 472 2016 hae1¹ebant3
501 1971 726 2019 minimeque
753 1970 933 2019 equestris
971 1982 1014 2007 ea
1033 1983 1170 2019 pugnae
1198 1971 1311 2008 facies
1339 1975 1432 2017 erat,

249 2039 335 2064 cum
363 2038 464 2075 aegre
492 2025 557 2062 diu
586 2030 740 2070 stantes,
771 2024 883 2061 simul
911 2035 1085 2071 equorum
1113 2025 1336 2074 corporibus
1362 2024 1432 2062 im·
1460 2023 1467 2028 ⁵

250 2080 499 2140 pellerentur3
528 2091 570 2116 ac
591 2091 688 2127 saepe
707 2078 794 2127 vagi
821 2089 962 2121 currus,
985 2078 1155 2116 exterriti
1175 2078 1255 2116 sine
1273 2078 1429 2116 rectori·
1486 2095 1491 2102 ,

251 2134 318 2170 bus
347 2133 444 2182 equi,
467 2138 509 2170 ut
529 2143 710 2180 quemque
738 2131 898 2169 formido
925 2131 1076 2178 tulerat,
1107 2137 1340 2170 transversos
1367 2137 1433 2170 aut

250 2186 380 2223 obvios
398 2187 651 2223 incursabant.

304 2239 510 2277 XXXVII.
538 2239 590 2277 Et
620 2237 802 2283 Britanni,
831 2239 893 2287 qui
930 2238 1052 2275 adhuc
1086 2230 1224 2288 ffignae
1263 2242 1435 2288 expertes

252 2305 397 2330 summa
425 2293 575 2329 collium
613 2292 840 2338 insederant,
879 2297 918 2329 et
955 2292 1181 2341 paucitatem
1220 2297 1434 2330 nostrorum

254 2345 361 2382 vacui
379 2345 617 2395 spernebant,
639 2345 794 2394 degredi
823 2345 1030 2394 paullatim,
1061 2349 1100 2384 et
1117 2345 1311 2383 circumire
1329 2350 1437 2394 terga

254 2399 482 2438 vincentium
503 2404 690 2449 coeperant
706 2412 714 2437 ε
744 2399 784 2436 ni
803 2399 842 2437 id
861 2399 982 2449 ipsum
996 2399 1136 2439 veritus
1155 2398 1328 2448 Agricola
1344 2408 1435 2446 qua·
