1496 2671
176 181 225 216 56
513 177 785 217 CORNELII
815 179 1061 220 NEPOTIS

173 285 367 324 retinebat
385 286 596 331 beneficia3
625 296 722 336 quae
747 294 876 326 autem
896 289 978 339 ipse
998 289 1199 336 tribuerat,
1220 289 1368 327 tamdiu

171 340 412 385 meminerat,
434 341 559 388 quoad
577 341 643 379 ille
661 348 795 390 gratus
815 349 909 388 erat,
929 343 997 392 qui
1017 349 1229 392 acceperat.
1285 344 1368 381 Ita·-

172 406 247 442 que
284 394 347 430 hic
384 394 490 440 fecit,
518 400 562 431 ut
594 407 682 432 vere
710 396 857 433 dictum
887 397 1084 434 videatur:
1131 396 1205 434 Sui
1230 398 1369 446 cuique

172 459 294 483 mores
300 447 476 498 fingunt
487 449 712 495 fortunam.
769 450 909 498 Neque
928 456 1056 488 tamen
1075 450 1185 499 prius
1202 451 1269 489 ille
1287 451 1364 488 for·

169 507 316 546 tunam,
338 514 454 550 quam
483 515 524 540 se
556 502 652 551 ipse,
671 503 796 550 finxit,
821 504 888 553 qui
922 505 1039 550 cavit,
1062 517 1111 541 ne
1144 503 1222 554 qua
1252 505 1293 542 in
1323 517 1366 543 re

169 554 418 604 plecteretur.

170 739 269 779 CAP.
291 741 391 779 XII.
449 741 601 778 Atticm
631 741 812 792 Vipsmez‘o
832 749 868 778 et
885 742 1056 779 Antonio
1074 742 1196 779 solum
1215 755 1306 780 usus
1326 744 1365 780 in

419 796 673 846 deprecandis
691 797 902 833 amicorum
915 796 1115 847 periculis.

223 881 303 918 His
332 881 454 930 igitur
481 882 597 919 rebus
626 881 764 928 effecit,
786 888 829 919 ut
850 882 911 918 Μ.
929 881 1144 932 Vipsanius
1174 883 1364 933 Agrippa,

164 933 306 976 intima.
313 934 575 972 familiaritate
589 935 672 984 conj
679 942 817 973 unctus
831 936 1062 974 adolescenti
1074 935 1366 986 Caesari,quum

166 995 326 1038 propter
341 1001 449 1026 suam
461 989 627 1038 gratiam
640 995 678 1026 et
695 988 872 1027 Caesaris
886 990 1108 1039 potentiam,
1123 989 1267 1027 nullius
1275 1003 1366 1039 con-

167 1042 326 1079 ditionis
341 1055 418 1080 non
434 1043 594 1080 haberet
611 1049 851 1091 potestatem,
868 1043 1110 1093 potissimum
1127 1043 1159 1092 ej
1167 1056 1210 1080 us
1229 1044 1368 1094 dilige-

166 1102 227 1133 ret
259 1096 498 1142 affinitatem,
529 1103 852 1145 praeoptaretque
881 1097 1024 1146 equitis
1057 1097 1223 1134 Romani
1246 1098 1365 1135 filiam

165 1163 442 1199 generosarum
459 1151 616 1199 nuptiis.
648 1151 781 1199 Atque
794 1152 931 1188 harum
946 1151 1171 1200 nuptiarum
1184 1151 1368 1189 concilia-

166 1210 228 1240 tor
246 1203 323 1240 fuit
339 1204 553 1255 (non-enim
570 1210 627 1241 est
643 1203 863 1252 celandum)
881 1205 936 1242 M.
955 1205 1167 1250 Antonius,
1183 1205 1367 1242 triumvir

165 1257 404 1307 reipublicae
437 1258 750 1295 constituendae:
785 1257 895 1306 cujus
920 1256 1047 1307 gratia
1075 1271 1194 1307 quum
1224 1271 1368 1307 augere

165 1312 426 1360 possessiones
459 1317 588 1360 posset
621 1324 721 1356 suas,
757 1317 907 1348 tantum
942 1311 1069 1348 abfuit
1102 1324 1124 1348 a
1152 1312 1367 1360 cupiditate

165 1365 364 1414 pecuniae,
386 1370 431 1402 ut
449 1363 557 1402 nulla
575 1365 615 1401 in
636 1377 678 1402 re
698 1377 790 1402 usus
811 1366 860 1402 sit
879 1363 935 1409 ea,
958 1365 1032 1402 nisi
1052 1365 1093 1401 in
1113 1365 1367 1414 deprecandis

166 1419 377 1456 amicorum
393 1424 461 1455 aut
472 1418 666 1467 periculis,
684 1425 750 1455 aut
766 1419 1030 1456 incommodis.
1085 1417 1198 1464 Quod
1210 1418 1367 1468 quidem

167 1473 238 1509 sub
257 1472 342 1520 ipsa
360 1472 642 1521 proscriptione
662 1472 884 1520 perillustre
904 1472 994 1509 fuit.
1050 1471 1154 1509 Nam
1178 1485 1298 1522 quum
1318 1472 1365 1511 L.

169 1525 329 1571 Saufeii,
352 1526 493 1575 equitis
513 1526 694 1571 Romani,
715 1526 886 1575 aequalis
905 1526 977 1571 sui,
999 1526 1065 1575 qui
1087 1538 1175 1563 cum
1195 1539 1240 1564 eo
1263 1538 1367 1569 com-

165 1580 296 1628 plures
342 1590 476 1624 annos‚
517 1579 645 1617 studio
690 1580 830 1618 ductus
876 1579 1158 1629 philosophiae,
1195 1579 1367 1618 Athenis

163 1633 378 1679 habitabat,
398 1634 642 1682 habebatque
665 1633 705 1670 in
734 1631 851 1671 Italia
878 1633 1066 1682 pretiosas
1094 1633 1365 1682 possessiones,

164 1687 363 1724 triumviri
391 1688 492 1724 bona
511 1687 790 1733 vendidissent,
812 1687 1090 1725 consuetudine
1110 1689 1166 1732 ea,
1187 1689 1265 1735 qua
1283 1693 1368 1725 tum

164 1753 227 1778 res
255 1741 515 1790 gerebantur3
543 1740 668 1779 Attici
697 1741 827 1778 labore
856 1747 973 1790 atque
1000 1741 1194 1778 industria
1219 1740 1367 1778 factum

166 1800 235 1840 est,
267 1800 312 1831 ut
344 1795 479 1832 eodem
506 1795 645 1832 nuntio
671 1793 852 1832 Saufeius
876 1795 988 1831 fieret
1007 1794 1160 1838 certior,
1183 1806 1223 1832 se
1241 1794 1365 1844 patri-

164 1848 339 1886 monium
359 1848 545 1892 amisisse,
563 1854 601 1886 et
622 1846 880 1896 recuperasse.
937 1847 1048 1885 Idem
1061 1847 1106 1884 L.
1123 1846 1147 1885 J
1151 1847 1272 1885 ulium
1290 1848 1367 1886 Ca-

164 1902 314 1948 lidium,
337 1914 463 1951 quem,
486 1907 572 1951 post
592 1901 767 1940 Lucretii
794 1901 1017 1949 Catullique
1046 1907 1220 1947 mortem,
1243 1902 1366 1940 multo

166 1956 495 2005 elegantissimum
524 1961 676 2005 poetam
707 1961 880 1993 nostram
915 1955 1050 1992 tulisse
1081 1960 1247 1992 aetatem
1272 1968 1366 1994 vere

165 2009 301 2046 videor
331 2022 442 2057 posse
475 2010 718 2054 contendere,
740 2022 866 2059 neque
895 2009 1024 2046 minus
1052 2009 1181 2046 virum
1207 2010 1365 2056 bonum,

165 2063 398 2112 optimisque
416 2063 565 2100 artibus
585 2064 793 2109 eruditum,
811 2068 897 2112 post
915 2062 1236 2111 proscriptionem
1256 2063 1366 2112 equi-

165 2124 260 2161 tum,
288 2122 447 2165 propter
479 2129 639 2166 magnas
669 2116 753 2164 ejus
781 2117 990 2154 Africanas
1023 2116 1293 2165 possessiones,
1322 2117 1366 2153 in

165 2171 470 2219 proscriptorum
518 2183 722 2207 numerum
761 2183 783 2207 a
819 2171 867 2207 P.
907 2170 1129 2215 Volumnio,
1168 2170 1365 2219 praefecto

166 2223 321 2261 fabrum
351 2223 530 2269 Antonii,
555 2225 752 2261 absentem
782 2224 957 2267 relatum,
978 2223 1192 2272 expedivit.
1251 2223 1365 2270 Quod

166 2279 207 2314 in
227 2277 422 2326 praesenti
442 2283 574 2314 utrum
594 2278 629 2315 ei
658 2278 886 2315 laboriosius
915 2290 963 2315 an
995 2277 1203 2327 gloriosius
1234 2276 1365 2323 fuerit,

168 2331 323 2369 difficile
354 2330 429 2367 suit
453 2329 656 2379 judicare:
685 2332 787 2380 quod
821 2331 862 2367 in
896 2344 1029 2368 eorum
1062 2330 1257 2381 periculis,
1289 2343 1366 2368 non

168 2397 276 2423 secus
314 2385 491 2422 absentes
527 2397 640 2433 quam
674 2391 894 2434 praesentes
928 2385 1070 2422 amicos
1112 2384 1248 2423 Attico
1285 2396 1369 2428 esse

168 2451 291 2484 curae,
314 2439 510 2488 cognitum
533 2445 605 2477 est.
