1496 2671
411 125 575 162 LIBER
603 125 848 164 TERTIUS.
1163 129 1214 166 25

107 234 252 273 XXXI.
280 231 493 269 Alexander
526 237 675 282 postera
710 233 782 280 die,
821 247 904 271 cum
940 246 1028 272 eura
1058 235 1212 284 sepultis

55 288 231 326 militibus
257 298 413 335 quorum
441 298 595 336 corpora
621 286 824 332 invenerat,
854 287 1047 325 Persarum
1066 300 1211 338 quoque

56 340 286 380 nobilissimis
314 339 473 376 eundem
504 340 683 377 honorem
710 341 838 377 haberi
859 341 993 389 jubet3
1031 343 1212 392 matrique

56 395 162 434 Darii
179 393 373 443 permittit,
393 405 485 441 quos
500 393 624 440 vellet,
647 395 767 443 patrio
793 407 896 432 more
923 395 1086 444 sepelire.
1144 397 1213 434 Illa

54 460 189 499 paucos
215 451 316 484 arcta
329 447 605 496 propinquitate
632 447 848 496 conjunctos
866 461 934 497 pro
952 449 1083 488 habitu
1110 463 1215 500 prae-

54 502 166 540 sentis
182 501 354 539 fortunae
371 500 515 538 humari
527 500 640 550 jussit
660 515 669 545 ;
699 507 917 551 apparatum
936 502 1118 550 funerum,
1140 517 1212 553 quo

54 555 189 593 Persae
206 566 377 603 suprema
399 554 517 592 officia
535 555 775 600 celebrarent,
795 555 1018 592 invidiosum
1045 557 1123 594 fore
1150 572 1213 596 ex·

51 609 228 654 istimans,
275 619 389 656 quum
425 609 581 646 victores
616 608 718 646 haud
750 609 911 657 pretiose
947 617 1213 650 cremarentur.

51 663 209 711 Jamque
224 661 333 712 justis
352 661 611 700 defunctorum
637 663 852 712 corporibus
871 663 1011 709 solutis,
1040 667 1213 713 praemit-

52 717 99 755 tit
117 717 165 754 ad
182 716 346 764 captivas
361 717 422 763 qui
441 717 661 753 nunciarent
679 716 800 765 ipsum
814 717 939 753 venire
954 730 963 761 ;
984 717 1215 767 inhibitaque

53 770 307 808 comitantium
345 770 467 815 turba,
498 770 778 807 tabernaculum
814 782 898 807 cum
933 770 1213 820 Hephaestione

50 825 178 862 intrat.
222 823 258 861 Is
276 823 383 871 longe
402 823 564 860 omnium
584 824 784 861 amicorum
803 824 1009 862 carissimus
1024 830 1103 863 erat
1121 827 1213 875 regi,

51 891 135 915 cum
152 878 234 927 ipso
252 877 390 927 pariter
409 878 597 922 educatus,
619 884 843 915 secretorum
864 878 1027 915 omnium
1047 879 1186 918 arbiter
1208 895 1216 917 :

48 932 232 969 libertatis
246 942 390 979 quoque
402 931 440 967 in
456 931 690 968 admonendo
706 944 748 967 eo
761 944 835 968 non
852 932 945 968 alius
957 931 1019 980 jus
1033 932 1211 979 habebat3

52 986 152 1033 quod
178 991 304 1023 tamen
321 986 374 1022 ita
394 985 604 1033 usurpabat,
634 991 677 1021 ut
704 985 815 1032 magis
833 998 854 1022 a
881 998 969 1034 rege
994 986 1212 1035 permissum

52 1052 158 1087 quam
174 1040 400 1077 vindicatum
414 1040 460 1075 ab
473 1051 516 1075 eo
535 1039 723 1075 videretur
739 1044 797 1075 :et
812 1039 906 1076 sicut
919 1044 1040 1076 aetate
1054 1052 1120 1088 par
1134 1047 1213 1078 erat

50 1093 140 1141 regi,
159 1094 213 1130 ita
231 1093 393 1142 corporis
411 1093 541 1129 habitu
559 1093 781 1141 praestabat.
821 1092 922 1140 Ergo
941 1093 1102 1141 reginae,
1111 1094 1213 1131 illum

49 1159 173 1195 regem
192 1159 270 1183 esse
288 1151 400 1192 ratae,
430 1158 496 1182 suo
514 1158 615 1181 more
634 1151 829 1182 veneratae
857 1151 953 1184 sunt.
1010 1146 1104 1183 Inde
1131 1161 1213 1198 spa-

50 1201 207 1237 donibus
227 1200 391 1249 eaptivis,
421 1199 499 1248 quis
528 1198 742 1236 Alexander
770 1204 875 1245 esset,
906 1202 1210 1247 monstrantibus,

51 1254 278 1303 Sysigambis
292 1254 466 1290 advoluta
479 1257 534 1289 est
547 1252 701 1301 pedibus
721 1252 810 1302 ejus,
823 1253 1093 1301 ignorationem
1115 1268 1212 1292 nun-

50 1320 157 1356 quam
178 1313 288 1345 antea
315 1308 383 1344 visi
409 1306 507 1355 regis
525 1317 717 1343 excusans.
772 1306 892 1350 Quam
915 1320 1024 1344 manu
1052 1308 1214 1346 allevans

50 1374 126 1406 rex,
142 1364 158 1387 ·‘
168 1361 256 1398 Non
276 1360 428 1406 errasti‚'
456 1360 587 1408 inquit,
609 1363 619 1380 ‘
639 1366 768 1405 mater,
797 1372 881 1397 nam
904 1365 941 1398 et
968 1361 1027 1398 hie
1047 1362 1211 1399 Alexan-

50 1416 116 1451 der
135 1415 215 1452 est.'

103 1468 267 1506 XXXII.
323 1467 517 1516 Equidem,
538 1467 568 1503 si
586 1467 655 1504 hac
674 1467 902 1505 continentia
921 1468 1034 1505 animi
1052 1469 1099 1505 ad
1126 1469 1213 1507 ulti-

49 1534 149 1558 mum
178 1523 276 1559 vitae
302 1534 535 1571 perseverare
561 1521 753 1570 potuisset,
780 1521 980 1558 feliciorem
1006 1522 1116 1560 :fuisse
1134 1536 1212 1561 cre-

50 1576 175 1613 derem
195 1587 303 1623 quam
321 1576 419 1613 visus
438 1582 493 1612 est
512 1587 600 1619 esse,
620 1587 732 1623 quum
761 1574 887 1612 Liberi
914 1576 1029 1624 patris
1047 1576 1211 1615 imitare—

50 1635 111 1666 tur
138 1629 380 1678 triumphum,
415 1630 461 1666 ab
505 1628 751 1677 Hellesponto
788 1640 902 1676 usque
938 1629 985 1666 ad
1019 1629 1210 1667 Oceanum

50 1694 177 1720 omnes
203 1688 335 1731 gentes
361 1683 519 1720 victoria
537 1694 717 1719 emensus.
775 1682 931 1720 Vicisset
958 1683 1124 1732 profecto
1152 1697 1211 1721 su-

49 1737 212 1785 perbiam
242 1741 350 1784 atque
376 1737 481 1781 iram,
517 1736 614 1772 mala
640 1736 802 1779 invicta;
849 1736 1086 1775 abstinuisset
1111 1738 1211 1776 inter

49 1789 172 1839 epulas
203 1791 374 1827 caedibus
401 1790 631 1827 amicorum:
663 1789 904 1838 egregiosque
919 1791 1015 1827 bello
1034 1791 1144 1836 viros,
1174 1798 1211 1829 et

48 1848 104 1881 tot
121 1844 288 1892 gentium
308 1856 430 1881 secum
449 1844 660 1888 domitores,
676 1843 817 1880 indicta
832 1856 950 1889 causa,
967 1844 1104 1881 veritus
1118 1850 1215 1883 esset

49 1897 225 1935 occidere.
282 1897 356 1935 Sed
374 1898 539 1934 nondum
552 1897 702 1934 fortuna
719 1909 757 1933 se
776 1897 899 1933 animo
917 1897 1213 1945 ejusinfuderat:

50 1950 172 1998 itaque
190 1951 370 1988 orientem
397 1963 478 1988 eam
507 1951 698 1987 moderate
725 1956 763 1987 et
789 1951 992 1999 prudenter
1017 1951 1132 1990 tulit:
1162 1952 1211 1989 ad

53 2004 233 2049 ultimum,
263 2005 554 2054 magnitudinem
575 2004 652 2052 ejus
679 2017 754 2041 non
774 2004 884 2052 cepit.
941 2005 1037 2041 Tum
1064 2005 1211 2053 quidem

50 2058 103 2094 ita
121 2070 159 2094 se
176 2058 302 2106 gessit,
320 2064 362 2096 ut
388 2071 513 2096 omnes
532 2064 619 2095 ante
638 2070 721 2094 eum
739 2070 846 2106 reges
865 2064 902 2096 et
920 2058 1146 2097 continentia
1174 2067 1211 2097 et

51 2111 245 2149 clementia
269 2112 514 2149 vincerentur.
571 2111 745 2160 Virgines
773 2111 870 2148 enim
889 2113 1009 2161 regias
1028 2113 1210 2150 excellen-

50 2165 98 2201 tis
125 2164 263 2202 formae
289 2171 366 2202 tam
385 2171 510 2204 sancte
536 2166 676 2211 habuit,
698 2177 806 2213 qnam
825 2165 855 2201 si
882 2166 1012 2203 eodem
1031 2178 1104 2214 quo
1130 2167 1210 2216 ipse

50 2224 203 2267 parente
221 2219 369 2266 genitae
382 2219 515 2257 forent.
571 2219 778 2268 Conjugem
798 2219 971 2268 ejusdem,
981 2232 1091 2268 quam
1109 2221 1211 2257 nulla

51 2272 182 2310 aetatis
211 2284 297 2309 suae
324 2272 599 2321 pulchritudine
617 2273 780 2322 corporis
807 2273 907 2319 vicit,
927 2274 1020 2311 adeo
1037 2274 1115 2323 ipse
1133 2287 1210 2311 non

50 2325 212 2371 violavit,
234 2330 276 2363 ut
293 2337 471 2363 summam
499 2327 708 2364 adhibuerit
735 2339 860 2364 curam
889 2340 937 2364 ne
954 2328 1034 2375 quis
1062 2328 1208 2377 captivo

51 2379 194 2428 corpori
214 2379 394 2417 illuderet.
453 2378 610 2417 Omnem
631 2380 771 2418 cultum
797 2381 906 2419 reddi
922 2381 1067 2419 feminis
1089 2381 1212 2429 jussit.

619 2445 648 2482 C
