1496 2671
430 164 728 203 AGRICOLAE
757 165 901 202 VITA,
1236 161 1258 202 7

78 292 121 318 ac
146 278 367 326 flagrantem
386 273 553 310 animum
573 272 800 310 coercuisset
818 270 850 310 :’'
876 271 1019 309 seilicet
1037 270 1196 309 sublime
1223 275 1262 308 et

78 337 244 371 erectum
262 327 469 377 ingenium,
498 325 818 376 pulchritudinem
848 337 891 362 ac
917 325 1078 375 speeiem
1107 323 1262 362 excelsae

80 394 298 434 magnaeque
315 381 446 429 gloriae
465 378 735 424 vehementius,
757 390 868 426 quam
887 383 1007 423 caute,
1028 378 1232 427 appetebat
1251 392 1259 416 :

79 450 169 476 mox
187 435 378 484 mitigavit
396 433 493 472 ratio
512 438 550 471 et
569 439 682 470 aetas:
704 432 946 480 retinuitque,
968 432 1070 480 quod
1089 436 1146 470 est
1164 431 1261 469 diffi-

76 491 268 536 cillimum,
289 501 337 526 ex
350 487 534 537 sapientia
552 485 702 523 modum

131 543 180 580 V·
211 542 339 580 Prima
356 546 563 579 castrorum
579 539 845 577 rudimentain
864 539 1063 576 Britannia
1082 538 1264 577 Suetonio

78 596 264 641 Paulum,
277 594 445 643 diligenti
465 607 507 632 ac
524 593 716 631 moderato
731 592 829 636 duci,
843 592 1066 641 adprobavit
1082 605 1090 630 t
1113 592 1263 639 electus,

77 662 188 700 quem
215 648 462 687 contubernio
497 647 714 685 aestimaret.
769 645 852 683 Nec
885 645 1063 694 Agricola
1097 646 1264 692 licenter,

79 716 182 742 more
195 703 389 753 juvenum,
411 701 475 750 qui
491 701 662 738 militiam
680 700 721 736 in
740 699 931 736 lasciviam
953 704 1121 744 vertunt,
1143 711 1265 748 neque

78 757 256 807 segniter,
277 755 326 793 ad
345 755 557 804 voluptates
571 759 607 792 et
623 758 867 798 commeatus,
883 752 1035 790 titulum
1051 753 1267 791 tribunatus

76 807 119 849 Et
137 810 323 848 inscitiam
353 808 507 847 retulit:
538 807 605 845 sed
632 819 785 844 noscere
804 806 1049 856 provinciam,
1070 807 1173 843 nosci
1203 820 1266 844 ex-

81 863 225 909 ercitui,
254 862 398 900 discere
425 875 447 899 a
474 861 615 911 peritis,
638 861 740 908 sequi
767 860 941 909 optimos,
970 858 1064 897 nihil
1092 863 1286 909 appetere·

77 917 295 966 jactatione,
324 915 418 953 nihil
446 916 496 953 ob
522 914 760 952 formidinem
798 926 981 959 recusare,
1010 914 1194 961 simulque
1230 919 1268 952 et

81 971 214 1008 anxius
233 974 272 1008 et
298 970 468 1007 intentus
488 981 621 1017 agere..
667 967 756 1004 Non
788 979 876 1004 sane
895 967 986 1004 alias
1015 967 1266 1013 exercitatior,

86 1024 278 1073 magisque
296 1023 335 1059 in
351 1023 529 1071 ambiguo
551 1021 748 1059 Britannia
765 1021 837 1058 fuit
857 1035 864 1058 :
887 1020 1066 1059 trucidati
1086 1022 1265 1067 veterani,

82 1079 245 1116 incensae
278 1076 448 1123 coloniae,
475 1074 675 1124 intercepti
706 1075 922 1112 exereitus:
953 1079 1032 1112 tum
1063 1075 1111 1111 de
1138 1075 1269 1120 salute,

85 1144 173 1169 mox
200 1131 250 1167 de
275 1129 432 1167 victoria
460 1134 660 1167 certavere.
712 1128 815 1173 Quae
844 1132 981 1165 cuncta
1008 1129 1078 1166 etsi
1107 1129 1269 1168 consiliis

83 1186 274 1232 ductuque
301 1184 454 1220 alterius
487 1183 701 1231 agebantur,
731 1195 774 1218 ac
803 1194 949 1219 summa
978 1194 1114 1227 rerum,
1146 1187 1184 1221 et
1210 1196 1268 1221 re*

84 1238 257 1288 ciperatae
295 1236 498 1284 provinciae
526 1236 648 1283 gloria
683 1235 722 1271 in
750 1236 883 1272 ducem
921 1236 1054 1280 cessit3
1085 1241 1203 1274 artem
1234 1245 1272 1277 et

85 1304 193 1329 usum
212 1296 252 1330 et
271 1290 442 1328 stimulos
457 1289 637 1326 addidere
657 1288 815 1337 juveni:
846 1289 1075 1337 intravitque
1102 1291 1268 1329 animum

86 1344 256 1384 militaris
274 1343 404 1393 gloriae
420 1343 570 1392 cupido,
582 1343 732 1391 ingrata
750 1343 993 1390 temporibus,
1009 1344 1143 1391 quibus
1163 1345 1271 1382 sinis=

84 1405 143 1436 tra
170 1410 260 1447 erga
287 1397 496 1434 eminentes
525 1396 799 1444 interpretatio,
822 1408 891 1433 nec
911 1397 1034 1434 minus
1063 1398 1267 1446 periculum

84 1464 132 1489 ex
152 1463 290 1501 magna
308 1450 416 1496 fama,
433 1462 543 1498 quam
564 1462 611 1487 ex
632 1449 738 1486 mala.

136 1505 205 1543 VI.
235 1505 338 1542 Hinc
394 1504 443 1541 ad
479 1503 726 1552 capessendos
774 1503 1014 1551 magistratus
1061 1505 1101 1541 in
1138 1508 1268 1544 urbem

85 1559 287 1608 digressus,
316 1557 523 1595 Domitiam
559 1557 820 1601 Deeidianam,
850 1557 1056 1606 splendidis
1083 1561 1272 1599 natalibus

84 1618 219 1659 ortam,
239 1612 307 1650 sibi
322 1611 474 1662 junxit:
492 1611 603 1659 idque
619 1610 900 1648 matrimonium
917 1611 965 1648 ad
979 1611 1123 1661 majora
1133 1614 1271 1653 nitenti

85 1666 198 1704 decus
217 1679 261 1704 ac
288 1668 402 1702 robur
429 1665 528 1702 suit:
560 1665 810 1713 vixeruntque
839 1664 933 1701 mira
960 1667 1172 1713 eoncordia,
1202 1680 1269 1717 per

88 1724 255 1758 mutuam
275 1720 481 1763 caritatem,
495 1718 706 1756 ctinvicem
726 1731 764 1755 se
784 1720 1062 1766 anteponendo,
1083 1721 1155 1757 nisi
1169 1723 1269 1770 quod

89 1774 130 1810 in
158 1774 258 1810 bona
284 1786 403 1810 uxore
428 1778 536 1810 tanto
565 1772 683 1820 major
711 1772 803 1815 laus,
829 1777 970 1819 quanto
998 1773 1036 1809 in
1066 1775 1165 1812 mala
1192 1776 1274 1825 plus

88 1827 205 1876 culpae
226 1831 293 1864 est.
371 1826 459 1864 Sors
477 1830 675 1873 quaesturae
693 1826 920 1874 provinciam
953 1826 1095 1873 Asiam,
1117 1841 1275 1877 pronon—-

88 1880 204 1918 sulem
217 1880 382 1918 Salvium
404 1880 596 1916 Titianum
612 1879 735 1923 dedit3
750 1891 908 1927 quorum
926 1885 1061 1918 neutro
1077 1889 1273 1932 corruptus

88 1938 144 1972 est
160 1945 392 1982 :quanquam
407 1938 445 1971 et
457 1933 648 1982 provincia
667 1933 782 1978 dives,
804 1946 847 1970 ac
865 1938 997 1982 parata
1016 1937 1268 1984 peccantibus,

88 1991 128 2025 ct
145 1988 355 2036 proconsul,
384 1987 425 2024 in
443 1999 591 2024 omnem
612 1986 831 2025 aviditatem
861 2000 1011 2036 pronus,
1042 1990 1275 2037 quantalibet

91 2040 271 2080 facilitate
305 2041 567 2090 redempturus
602 2046 698 2078 esset
732 2045 900 2078 mutuam
939 2042 1270 2082 dissimulationem

94 2093 192 2131 mali.
208 2094 356 2132 Auctus
375 2099 430 2131 est
438 2094 490 2131 ibi
508 2094 596 2140 filia,
616 2094 655 2130 in
671 2094 878 2132 subsidium
896 2095 1005 2132 simul
1024 2101 1062 2134 et
1081 2097 1273 2136 solatium:

92 2160 177 2185 nam
214 2148 345 2194 filium,
376 2152 464 2185 ante
490 2148 692 2194 sublatum,
722 2148 832 2185 brevi
859 2149 999 2187 amisit.
1056 2150 1148 2188 Mox
1175 2153 1275 2190 inter

98 2206 340 2251 quaesturam,
373 2214 416 2238 ac
443 2201 673 2240 tribunatum
703 2202 833 2251 piebis,
863 2207 976 2252 atque
1009 2204 1119 2241 etiam
1154 2205 1276 2255 ipsum

91 2256 307 2293 tribunatus
342 2266 482 2292 annum
521 2255 645 2302 quiete
683 2261 721 2293 et
755 2256 832 2293 otio
859 2257 1007 2301 transit,
1037 2270 1178 2306 gnarus
1207 2261 1275 2297 sub

90 2309 244 2347 Nerone
278 2313 502 2357 temporum,
541 2308 674 2356 quibus
704 2309 841 2348 inertia
876 2322 945 2359 pro
970 2304 1157 2360 'sapientia
1192 2313 1276 2351 fuit„

96 2363 202 2400 Idem
222 2366 403 2413 praeturae
423 2366 545 2407 tenor,
566 2367 605 2399 et
622 2362 813 2400 silentium
831 2377 840 2401 t
861 2376 932 2401 nec
950 2365 1049 2401 enim
1063 2365 1278 2413 jurisdictio

94 2417 312 2454 obvenerat.
346 2415 477 2452 Ludos
495 2420 536 2453 et
547 2415 675 2454 inania
688 2416 840 2455 honoris
859 2417 973 2455 modo
993 2419 1148 2456 rationis
1168 2424 1280 2468 atque
