1496 2671
389 116 580 163 QUINTI
610 116 800 154 CURTII
828 116 970 155 RUFI.
1200 118 1247 155 41.

88 228 256 271 bebatur,
294 237 406 274 quum
441 223 718 272 opportunitate
758 223 849 260 mira
884 224 1042 261 triremis
1078 236 1099 260 e
1134 224 1247 262 classe

89 278 295 318 Alexandri
320 278 360 313 in
378 288 458 314 eam
477 277 606 325 ipsam,
627 288 721 325 quae
739 276 994 325 quinqueremi
1019 277 1247 322 imminebat,

90 338 194 371 tanta
210 332 246 369 vi
263 330 421 380 impulsa
439 335 506 376 est,
527 334 570 367 ut
590 329 726 379 Tyrius
742 329 972 377 gubernator
999 331 1038 367 in
1056 343 1155 369 mare
1181 344 1243 368 ex-

88 389 274 425 cuteretur
300 397 321 421 e
347 383 473 433 puppi.
530 382 659 420 Plures
687 382 822 419 deinde
860 383 1107 422 Macedonum
1134 397 1245 422 naves

88 437 361 489 superveniunt,
382 442 420 475 et
437 449 504 474 rex
522 448 668 487 quoquc
695 436 824 473 aderat
843 449 851 480 ;
881 448 995 484 quum
1013 436 1129 487 Tyrii,
1149 438 1244 475 inhi-

87 494 214 530 bentes
231 490 352 535 remis,
381 502 491 539 aegre
510 489 665 527 evellere
684 502 815 526 navem
843 502 937 538 quae
956 490 1141 536 haerebat,
1162 504 1246 541 por-

85 550 237 593 tumque
264 543 388 581 omnia
406 543 515 581 simul
534 544 682 592 navigia
709 547 894 592 repetunt.
953 542 1159 582 Confestim
1178 558 1243 583 rex

84 600 314 647 insequutus,
352 603 500 647 portum
527 597 675 645 quidem
702 597 842 634 intrare
877 609 953 633 non
980 598 1113 646 potuit,
1133 610 1243 646 quum

84 651 211 702 procul
239 664 260 688 e
286 651 400 688 muris
428 651 624 688 missilibus
660 651 953 695 submoveretur,
984 663 1094 688 naves
1122 658 1246 690 autem

85 718 211 742 omnes
229 705 306 742 fere
324 709 389 742 aut
403 704 575 741 demersit
594 711 658 742 aut
678 704 789 752 cepit.

137 757 285 795 XVIII.
317 758 438 795 Biduo
457 757 592 795 deinde
611 757 658 794 ad
677 757 838 806 quietem
858 757 945 795 dato
964 757 1153 804 militibus,
1169 759 1247 807 jus-

83 812 205 862 sisque
224 816 262 850 et
281 811 432 849 classem
451 816 488 849 et
506 811 694 848 machinas
712 811 849 860 pariter
876 810 1082 856 admovere,
1119 816 1162 850 ut
1180 825 1247 848 un-

83 866 195 914 dique
210 865 348 904 territis
367 865 523 902 instaret
539 878 547 908 ;
568 865 647 914 ipse
665 865 704 901 in
723 864 936 902 altissimam
963 869 1103 902 turrem
1123 878 1248 903 ascen-

84 919 152 964 dit,
207 919 352 968 ingenti
390 918 524 963 animo,
552 918 714 967 periculo
746 917 908 966 majorc;
954 918 1101 968 quippe,
1148 920 1251 968 regio

84 973 222 1022 insigni
241 979 278 1010 et
297 971 406 1009 armis
434 971 663 1020 fulgentibus
690 971 922 1021 conspicuus,
943 973 1247 1022 unuspraecipue

86 1026 168 1064 telis
195 1026 405 1075 petebatur.
462 1025 512 1063 Et
549 1025 662 1074 digna
690 1037 837 1074 prorsus
865 1026 1074 1074 spectaculo
1103 1026 1247 1069 edidit3

84 1079 220 1118 multos
239 1092 259 1116 e
279 1079 391 1116 muris
420 1084 698 1127 propugnantes
716 1078 822 1115 hasta
848 1079 1043 1123 transfixit,
1071 1080 1247 1128 quosdam

82 1133 193 1170 etiam
212 1132 378 1174 cominus
397 1132 522 1181 gladio
542 1133 746 1181 clypeoque
764 1132 940 1181 impulsos
958 1132 1215 1182 praecipitavit
1236 1149 1242 1176 ;

82 1186 217 1235 quippe
236 1185 361 1231 turris,
389 1198 435 1222 ex
462 1198 535 1234 qua
561 1185 770 1230 dimicabat,
792 1186 906 1222 muris
925 1185 1086 1224 hostium
1113 1200 1244 1236 prope-

81 1240 233 1276 modum
252 1239 482 1276 cohaerebat.
537 1239 696 1288 ,Jamque
723 1239 859 1275 crebris
879 1239 1054 1277 arietibus
1074 1253 1243 1278 saxorum

81 1305 259 1342 compage
277 1293 412 1337 laxata,
432 1292 662 1329 munimenta
681 1292 905 1337 defecerant,
927 1299 964 1330 et
984 1293 1108 1331 classis
1127 1294 1242 1332 intra-

82 1353 185 1384 verat
204 1350 364 1395 portum,
392 1352 430 1384 et
449 1346 598 1395 quidam
619 1345 866 1382 Macedonum
884 1346 922 1382 in
943 1353 1062 1383 turres
1078 1347 1238 1385 hostium

83 1401 246 1438 desertas
266 1405 482 1443 evaserant;
512 1412 625 1448 quum
655 1399 771 1449 Tyrii,
801 1404 858 1437 tot
886 1399 994 1435 simul
1021 1400 1125 1438 malis
1144 1401 1243 1447 victi,

82 1454 143 1490 alii
163 1453 345 1503 supplices
363 1453 402 1489 in
430 1453 567 1501 templa
595 1452 825 1501 confugiunt,
856 1452 917 1489 alii
935 1452 1074 1490 foribus
1102 1454 1246 1491 aedium

83 1507 260 1545 obseratis
286 1512 468 1556 occupant
494 1506 651 1543 liberum
677 1507 805 1544 mortis
832 1506 1049 1550 arbitrium;
1078 1509 1248 1545 nonnulii

81 1566 195 1598 ruunt
222 1561 261 1597 in
288 1560 442 1605 hostem,
471 1560 572 1596 haud
599 1560 709 1597 inulti
737 1566 860 1597 tamen
888 1560 1072 1608 perituri:
1110 1574 1243 1611 magna

81 1627 164 1664 pars
182 1626 323 1651 summa
343 1618 525 1651 tectorum
544 1614 747 1658 obtinebat,
762 1626 859 1658 saxa,
877 1620 914 1651 et
929 1614 1110 1664 quidquid
1128 1617 1245 1652 mani-

82 1669 150 1705 bus
176 1667 260 1704 fors-
279 1667 444 1712 dederat,
465 1667 675 1715 ingerentes
703 1667 960 1704 subeuntibus.
1016 1668 1240 1714 Alexander,

78 1721 241 1771 exceptis
260 1721 324 1769 qui
351 1721 390 1757 in
408 1721 546 1770 templa
565 1720 822 1769 confugerant,
843 1733 970 1757 omncs
998 1721 1165 1768 interfici,
1186 1723 1241 1771 ig-

79 1787 238 1824 nemque
256 1774 364 1812 tectis
390 1773 493 1823 injici
505 1774 630 1823 jubet.
685 1773 756 1811 His
775 1787 841 1823 per
859 1787 1057 1822 praecones
1077 1789 1242 1825 pronun-

81 1828 199 1874 eiatis,
219 1840 329 1865 nemo
347 1834 471 1865 tamen
486 1833 648 1865 armatus
667 1840 773 1876 opem
786 1841 807 1864 a
819 1827 889 1864 diis
901 1834 1026 1876 petere
1041 1829 1217 1867 sustinuit
1237 1844 1245 1866 :

80 1883 185 1931 pueri
203 1881 439 1930 virginesque
453 1881 590 1930 templa
609 1881 903 1930 compleverant3
925 1881 993 1918 viri
1006 1882 1046 1918 in
1061 1883 1243 1920 vestibulo

81 1948 229 1972 suarum
263 1935 418 1984 quisque
455 1935 601 1972 aedium
638 1936 797 1980 stabant,
835 1941 963 1984 parata
998 1936 1244 1974 saevientibus

80 1989 203 2026 turba.
257 1988 387 2026 Multis
413 1995 539 2026 tamen
566 1988 676 2025 saluti
712 1985 825 2033 fuere,
864 1988 1018 2034 Sidonii,
1048 1989 1110 2038 qui
1145 1990 1243 2028 intra

83 2040 332 2079 Macedonum
357 2042 540 2091 praesidia
577 2047 711 2079 erant:
740 2041 778 2078 hi
806 2042 934 2078 urbem
960 2042 1108 2091 quidem
1144 2044 1241 2082 inter

83 2096 238 2133 victores
256 2094 496 2141 intraverant,
517 2095 582 2132 sed.
601 2095 833 2144 cognationis
852 2108 934 2132 cum
956 2096 1078 2145 Tyriis
1106 2109 1241 2135 memo-

81 2161 139 2186 res
161 2146 312 2199 (quippe
329 2153 523 2198 utramque
541 2150 671 2186 urbem
698 2149 911 2198 Agenorem
939 2149 1146 2187 condidisse
1164 2164 1242 2188 cre-

78 2200 248 2252 debant),
281 2201 416 2240 multos
445 2202 643 2253 Tyriorum
680 2202 791 2240 etiam
820 2207 1071 2252 protegentes,
1100 2205 1148 2241 ad
1176 2218 1241 2242 sua

81 2255 287 2305 perduxere
313 2255 484 2304 navigia:
523 2256 656 2305 quibus
687 2256 892 2301 occultatis,
923 2256 1062 2294 Sidona
1098 2258 1239 2296 devecti

80 2314 181 2347 sunt.
237 2307 462 2353 Quindecim
496 2309 610 2346 millia
635 2309 705 2346 hoc
733 2309 832 2348 furto
860 2310 1044 2348 subducta
1070 2312 1241 2349 saevitiae

80 2368 189 2408 sunt;
220 2367 474 2412 quantumque
501 2362 690 2451 sangqipis
715 2363 836 2402 fusum
864 2364 922 2415 sit,
945 2364 1003 2401 vel
1023 2377 1069 2402 ex
1088 2365 1157 2402 hoc
1177 2376 1237 2402 ex<

664 2416 688 2452 2
