1496 2671
359 131 551 179 QUINTI
581 131 768 169 CURTII
797 129 941 168 RUFI.
1178 125 1228 164 43

71 241 203 281 dianes
230 245 268 279 et
286 238 506 277 Arachosios
532 238 752 282 nominaret,
782 243 995 286 ceterasque
1021 238 1153 284 gentes
1180 232 1229 270 ad

71 296 275 334 Caucasum
301 297 341 331 et
369 292 525 330 Tanaim
542 292 785 341 pertinentes.
860 288 1131 328 Senescendum
1150 286 1230 325 fore

71 355 217 388 tantum
242 352 423 386 terrarum
450 345 510 383 vel
536 346 614 382 sine
633 344 771 394 praelio
798 344 951 381 obeunti
971 357 979 381 z
1011 342 1058 379 Se
1076 353 1163 378 vero
1181 340 1230 377 ad

71 403 191 452 ipsum
216 412 347 438 vocare
375 399 583 437 desineret:
612 411 771 447 namque
789 398 887 434 illius
907 397 1018 435 exitio
1037 407 1116 433 esse
1143 407 1230 433 ven-

71 462 207 494 turum.
261 453 476 490 Alexander
501 453 546 489 iis
573 452 636 502 qui
660 452 786 490 literas
805 450 1009 488 attulerant
1027 449 1230 499 respondit,

72 507 229 547 Darium
253 506 324 544 sibi
351 507 471 544 aliena
496 505 741 555 promittere;
781 504 881 555 quod
908 508 1029 542 totum
1056 502 1232 550 amiserit,

70 562 166 599 velle
185 560 334 611 partiri:
364 560 458 598 Doti
472 560 541 597 sibi
560 559 640 596 dari
657 559 828 608 Lydiam,
851 558 1004 602 Ioniam,
1026 557 1231 603 Aeolidem,

71 614 309 664 Hellesponti
327 626 440 659 oram,
461 614 636 651 victoriae
654 626 741 650 suae
767 612 952 662 praemia:
980 611 1082 659 leges
1110 616 1234 650 autem

70 683 92 706 a
109 668 311 706 victoribus
330 667 415 713 dici,
436 667 552 716 accipi
570 680 591 704 a
609 666 715 704 victis
731 680 738 704 :
768 667 812 703 In
827 670 912 703 utro
932 669 1031 703 statu
1050 665 1158 701 ambo
1177 678 1232 702 es-

73 726 166 768 sent,
187 722 218 759 si
236 721 336 759 solus
362 721 564 770 ignoraret,
594 733 703 770 quam
731 720 889 769 primum
918 719 1040 756 Marte
1059 718 1234 756 decerne-

71 782 128 814 ret
147 789 156 813 :
187 775 235 813 Se
248 787 396 824 quoque
415 787 528 824 quum
547 774 737 812 transisset
756 786 866 817 mare,
892 785 968 809 non
988 771 1154 808 Ciliciam
1170 777 1234 812 aut

71 829 231 880 Lydiam
261 828 414 879 (quippe
432 828 530 866 tanti
556 828 645 864 belli
664 828 835 876 exiguam
864 827 959 864 hanc
991 838 1071 863 esse
1097 838 1236 863 merce-

69 882 190 934 dem),
209 883 274 920 sed
304 882 528 931 Persepolim
549 887 660 931 caput
688 881 795 930 regni
814 881 904 930 ejus,
934 879 1068 917 Bactra
1087 879 1234 925 deinde,

71 943 110 974 et
129 935 331 981 Ecbatana,
352 935 547 984 ultimique
567 935 733 972 Orientis
760 947 859 972 oram
889 934 1043 983 imperio
1062 946 1128 971 suo
1155 934 1237 971 des-

70 990 229 1028 tinasse:
262 990 497 1038 Quocunque
523 989 586 1026 ille
612 989 736 1036 fugere
763 989 954 1038 potuisset,
984 988 1103 1036 ipsum
1133 988 1236 1037 sequi

70 1056 199 1093 posse:
229 1043 416 1081 desineret
444 1048 584 1081 terrere
610 1042 833 1088 fluminibus,
864 1055 973 1092 quem
993 1040 1103 1078 sciret
1121 1041 1237 1079 maria

69 1097 255 1135 transisse.

123 1149 229 1187 XXI.
259 1148 384 1198 Reges
403 1149 552 1198 quidem
579 1149 735 1186 invicem
754 1150 845 1187 haec
872 1149 1107 1198 scripserant.
1162 1147 1237 1186 Sed

71 1203 214 1241 Rhodii
228 1204 356 1240 urbem
371 1215 472 1239 suam
487 1208 689 1251 portusque
704 1204 892 1241 dedebant
910 1203 1140 1240 Alexandro.
1169 1202 1239 1240 Ille

73 1257 240 1295 Ciliciam
271 1257 414 1294 Socrati
445 1256 661 1300 tradiderat,
691 1256 840 1294 Philota
865 1257 1009 1305 regioni
1037 1257 1133 1294 circa
1160 1256 1237 1306 Ty-

71 1322 155 1348 rum
176 1311 280 1359 jusso
316 1309 536 1359 praesidere.
571 1309 716 1358 Syriam
746 1323 840 1359 quae
878 1310 990 1347 Coele
1018 1310 1236 1360 appellatur,

74 1363 337 1401 Andromacho
371 1363 566 1400 Parmenio
597 1364 813 1409 tradiderat,
845 1364 943 1401 bello
974 1364 1076 1412 quod
1110 1377 1237 1413 super·

71 1424 152 1456 erat
169 1417 427 1456 interfuturus.
482 1416 578 1461 Rex,
609 1417 886 1467 Hephaestione
907 1418 1111 1454 Phoenices
1136 1430 1237 1454 oram

72 1472 188 1508 classe
214 1471 446 1521 praetervehi
460 1470 578 1519 jusso,
599 1471 646 1508 ad
666 1472 794 1508 urbem
815 1471 941 1508 Gazan
962 1484 1045 1508 cum
1066 1471 1238 1508 omnibus

74 1524 188 1574 copiis
214 1525 331 1563 venit.
386 1523 521 1561 Iisdem
540 1524 615 1561 fere
635 1525 765 1562 diebus
784 1525 935 1562 solenne
954 1530 1034 1563 erat
1053 1525 1237 1562 ludicrum

77 1579 326 1624 Isthmiorum,
355 1578 456 1626 quod
476 1584 662 1616 conventu
681 1579 796 1616 totius
818 1579 997 1616 Graeciae
1015 1579 1238 1617 celebratur.

74 1631 121 1669 ln
135 1645 178 1670 eo
191 1631 353 1677 consilio,
367 1636 412 1668 ut
426 1637 512 1668 sunt
529 1631 758 1669 Graecorum
774 1633 996 1682 temporaria
1009 1632 1236 1681 ingenia,de-

73 1691 244 1731 cernunt,
260 1689 314 1723 ‘ut
341 1684 551 1734 quindecim
571 1685 787 1734 legarentur
806 1687 853 1723 ad
872 1699 1010 1736 regem,
1027 1686 1101 1735 qui,
1118 1687 1167 1724 ob
1181 1699 1238 1723 res

72 1751 141 1789 pro
161 1739 279 1777 salute
299 1739 477 1776 Graeciae
496 1751 538 1775 ac
555 1738 728 1777 libertate
746 1745 881 1788 gestas,
898 1753 1070 1777 coronam
1091 1753 1240 1778 auream

75 1793 214 1830 donum
242 1793 420 1830 victoriae
447 1791 610 1829 ferrent)
682 1793 800 1830 Iidem
828 1794 938 1843 paulo
963 1800 1050 1832 ante
1077 1795 1241 1831 incertae

73 1846 192 1887 famae
227 1851 468 1896 captaverant
493 1859 631 1891 auram,
670 1853 723 1892 ut,
765 1860 1001 1896 quocumque
1033 1847 1241 1897 pendentes

75 1901 217 1938 animos
236 1901 381 1938 tulisset
399 1900 562 1946 fortuna,
578 1907 831 1950 sequerentur.
862 1900 1049 1946 Ceterum,
1070 1913 1146 1938 non
1160 1901 1240 1950 ipse

78 1954 187 1991 modo
205 1966 269 1991 rex
285 1955 413 1992 obibat
427 1954 547 1998 urbes,
567 1954 710 2003 imperii
724 1954 859 2003 jugum
873 1955 994 1992 adhuc
1013 1960 1237 2000 recusantes,

77 2007 142 2044 sed
161 2013 347 2057 praetores
366 2020 513 2057 quoque
531 2008 659 2053 ipsius,
678 2009 818 2056 egregii
837 2008 960 2054 duces,
990 2008 1165 2058 pleraque
1182 2009 1239 2046 in-

75 2064 257 2099 vaserant.
313 2061 420 2099 Calas
440 2061 743 2110 Paphlagoniam,
759 2062 975 2111 Antigonus
987 2062 1237 2112 Lycaoniam}

78 2112 268 2161 Balacrus,
298 2114 433 2152 Idarne
459 2120 630 2164 praetore
648 2114 753 2153 Darii
783 2121 968 2165 superato,
988 2116 1160 2154 Miletum
1181 2129 1238 2154 ce-

77 2168 161 2217 pit:
192 2167 443 2216 Amphoterus
461 2174 499 2205 et
518 2168 758 2217 Hegelochus
777 2176 926 2207 eentum
954 2170 1147 2219 sexaginta
1174 2182 1240 2207 na-

76 2222 176 2261 vium
194 2221 309 2259 classe
327 2221 464 2259 insulas
481 2221 578 2259 inter
597 2222 775 2260 Achaiam
795 2229 908 2273 atque
925 2223 1053 2261 Asiam
1071 2223 1111 2262 in
1127 2223 1239 2262 ditio-

76 2288 162 2313 nem
191 2274 395 2313 Alexandri
422 2275 660 2324 redegerunt.
715 2277 869 2314 Tenedo
904 2290 1052 2326 quoque
1078 2284 1237 2327 recepta,

79 2328 228 2374 Chium,
256 2328 386 2366 incolis
413 2329 513 2366 ultro
540 2330 768 2376 vocantibus,
798 2337 1006 2369 statuerant
1032 2344 1236 2380 occupare3

77 2383 142 2422 sed
163 2381 423 2422 Pharnabazus
442 2381 548 2419 Darii
567 2388 725 2433 praetor,
746 2384 1018 2434 comprehensis
1035 2385 1099 2435 qui
1112 2397 1169 2422 res
1190 2384 1236 2422 ad
