1496 2671
198 191 250 227 66
536 189 579 227 C.
609 190 763 228 -JULII
793 190 1052 230 CAESARIS

201 302 287 345 post
306 295 437 344 fugam
459 309 614 334 suorum
629 310 669 335 se
680 303 787 336 trans
803 298 983 336 Rhenum
1003 299 1043 336 in
1056 300 1153 337 fines
1175 298 1402 347 Sigambro⁴

202 362 290 387 rum
315 357 512 399 receperat
542 363 657 399 seque
686 364 771 388 cum
806 352 854 389 iis
888 353 1160 402 conjunxerat.
1218 355 1284 390 Ad
1303 367 1402 402 quos

203 416 322 451 quum
345 404 477 440 Caesar
496 405 657 441 nuncios
676 406 855 451 misisset,
875 407 942 454 qui
963 408 1214 455 postularent,
1236 420 1313 449 eos,
1332 409 1400 455 qui

203 457 278 493 sibi
295 456 509 505 Galliaeque
523 457 666 495 bellum
679 459 912 503 intulissent,
933 460 1007 496 sibi
1026 461 1221 506 dederent,
1242 473 1402 508 respon-

205 511 362 547 derunt:
394 511 524 560 populi
546 510 706 548 Romani
727 513 930 560 imperium
953 513 1132 550 Rhenum
1153 514 1279 551 finire:
1310 514 1342 551 si
1361 526 1403 551 se

202 563 328 600 invito
349 562 561 602 Germanos
580 565 621 601 in
638 563 808 602 Galliam
824 567 989 603 transire
1005 579 1080 603 non
1097 578 1248 616 aequum
1263 568 1402 604 existi-

205 624 342 661 maret,
372 630 442 654 cur
474 619 534 655 sui
563 619 773 667 quidquam
805 631 888 656 esse
919 620 1072 668 imperii
1106 628 1173 656 aut
1201 621 1404 669 potestatis

204 677 311 707 trans
342 669 517 708 Rhenum
552 671 800 720 postularet?
859 672 955 709 Ubii
986 679 1125 717 autem,
1153 674 1221 721 qui
1251 675 1319 710 uni
1353 687 1404 711 ex

204 725 493 762 transrhenanis
521 726 568 762 ad
600 725 791 763 Caesarem
810 725 957 774 legatos
977 727 1172 771 miserant,
1193 727 1404 764 amicitiam

205 778 389 822 fecerant,
411 779 564 815 obsides
592 779 790 823 dederant,
810 791 1044 827 magnopere
1072 780 1245 825 orabant,
1267 787 1310 818 ut
1329 781 1405 818 sibi

206 831 395 868 auxilium
416 832 545 877 ferret,
567 833 669 880 quod
699 832 872 879 graviter
891 834 938 869 ab
961 831 1098 869 Suevis
1118 841 1405 881 premerentur;

206 884 271 922 vel
286 886 317 922 si
338 885 377 921 id
397 885 523 922 facere
544 885 860 933 occupationibus
879 886 1101 934 reipublicae
1122 887 1406 934 prohiberetur,

207 939 419 976 exercitum
442 939 554 975 modo
581 939 763 975 Rhenum
791 946 1089 988 transportaret;
1116 940 1156 976 id
1176 940 1251 977 sibi
1270 941 1320 977 ad
1338 953 1406 977 au-

208 992 348 1028 xilium
369 1004 552 1040 spemque
571 993 710 1039 reliqui
725 993 910 1041 temporis
925 993 1018 1030 satis
1032 992 1226 1035 futurum;
1254 1000 1407 1031 tantum

210 1058 293 1083 esse
312 1058 450 1082 nomen
472 1052 587 1094 atque
616 1046 835 1094 opinionem
866 1046 949 1095 ejus
977 1046 1185 1091 exercitus,
1206 1045 1410 1084 Ariovisto

212 1099 324 1147 pulso
344 1105 381 1136 et
411 1100 482 1136 hoc
511 1099 722 1136 novissimo
750 1100 884 1148 proelio
913 1100 1024 1145 facto,
1046 1101 1162 1137 etiam
1182 1101 1229 1137 ad
1252 1101 1409 1138 ultimas

212 1151 498 1189 Germanorum
519 1153 705 1195 nationes,
728 1153 786 1189 uti
812 1154 992 1201 opinione
1021 1159 1059 1190 et
1087 1151 1258 1191 amicitia
1277 1155 1410 1203 populi

210 1206 376 1243 Romani
398 1207 466 1242 tuti
487 1219 570 1243 esse
589 1207 750 1255 possint.
807 1207 978 1244 Navium
999 1219 1181 1255 magnam
1195 1208 1344 1256 copiam
1360 1207 1409 1245 ad

211 1260 552 1308 transportandum
574 1261 785 1297 exercitum
806 1261 1102 1309 pollicebantur.

264 1313 406 1350 XVII.
439 1313 569 1351 Caesar
581 1314 640 1351 his
654 1314 701 1350 de
717 1315 853 1358 causis,
867 1327 962 1362 quas
977 1313 1287 1359 commemoravi,
1304 1313 1411 1351 Rhe-

211 1380 306 1404 num
334 1367 500 1404 transire
529 1367 770 1410 decreverat3
799 1368 867 1404 sed
895 1368 1061 1404 navibus
1089 1367 1255 1404 transire
1284 1379 1411 1416 neque

213 1421 306 1457 satis
326 1427 453 1457 tutum
474 1432 556 1457 esse
576 1421 848 1465 arbitrabatur,
870 1433 994 1469 neque
1015 1433 1103 1465 suae,
1124 1432 1252 1468 neque
1279 1421 1413 1469 populi

212 1474 378 1510 Romani
400 1474 601 1522 dignitatis
621 1487 703 1511 esse
733 1475 939 1511 statuebat.
996 1474 1134 1522 Itaque
1164 1474 1235 1511 etsi
1265 1486 1414 1511 summa

213 1527 417 1564 difficultas
436 1527 607 1564 faciundi
627 1527 755 1576 pontis
770 1529 1055 1576 proponebatur
1067 1533 1224 1576 propter
1240 1527 1414 1564 latitudi-

214 1594 315 1625 nem,
337 1581 583 1629 rapiditatem
604 1580 926 1628 altitudinemque
944 1581 1128 1626 fluminis,
1142 1587 1271 1617 tamen
1284 1581 1324 1617 id
1340 1581 1414 1618 sibi

215 1635 535 1677 contendendum,
552 1641 619 1671 aut
640 1634 752 1671 aliter
765 1647 841 1671 non
855 1635 1181 1671 transducendum
1197 1635 1414 1672 exercitum

216 1688 479 1725 existimabat.
537 1687 743 1724 Rationem
763 1689 892 1736 pontis
920 1688 1019 1725 hanc
1044 1687 1227 1724 instituit.
1287 1688 1416 1737 Tigna

213 1742 306 1778 bina
326 1741 618 1789 sesquipedalia,
642 1741 813 1789 paullum
833 1743 880 1778 ab
909 1741 986 1778 imo
1012 1747 1218 1790 praeacuta,
1240 1742 1414 1779 dimensa

218 1796 265 1833 ad
286 1795 529 1832 altitudinem
550 1795 733 1839 fluminis,
754 1795 963 1832 intervallo
978 1795 1119 1843 pedum
1134 1794 1298 1831 duorum
1313 1796 1417 1832 inter

218 1848 476 1897 sejungebat.
535 1848 631 1885 Haec
651 1861 771 1897 quum
797 1848 1150 1885 machinationibus
1175 1848 1348 1885 immissa
1374 1849 1416 1885 in

221 1903 366 1939 fiumen
382 1902 571 1939 defixerat
591 1902 814 1949 fistucisque
829 1902 1022 1950 adegerat,
1040 1913 1116 1937 non
1132 1901 1288 1938 sublicae
1304 1902 1417 1939 modo

221 1956 366 1992 directa
399 1956 447 1992 ad
479 1955 809 2004 perpendiculum,
841 1956 906 1992 sed
939 1967 1060 2004 prona
1093 1966 1136 1990 ac
1166 1954 1347 2003 fastigata
1376 1962 1419 1992 ut

221 2009 433 2046 secundum
463 2014 642 2045 naturam
674 2009 847 2045 fluminis
883 2009 1207 2057 procumberent:
1246 2009 1294 2045 iis
1324 2008 1418 2045 item

222 2062 416 2100 contraria
446 2062 533 2107 duo,
568 2063 617 2099 ad
650 2062 814 2099 eundem
846 2062 1001 2098 modum
1031 2059 1183 2108 juncta,
1215 2061 1420 2098 intervallo

223 2116 364 2164 pedum
393 2116 697 2164 quadragenum,
726 2117 774 2152 ab
804 2115 987 2152 inferiore
1020 2119 1142 2162 parte,
1172 2121 1306 2152 contra
1338 2115 1420 2152 vim

224 2175 341 2217 atque
360 2169 547 2217 impetum
560 2169 730 2205 fluminis
743 2180 926 2205 conversa
943 2168 1136 2205 statuebat
1204 2166 1298 2205 Haec
1313 2174 1420 2205 utra-

225 2234 313 2271 que,
341 2222 502 2270 insuper
528 2222 772 2270 bipedalibus
803 2222 976 2258 trabibus
1006 2220 1201 2266 immissis,
1232 2228 1421 2270 quantum

226 2287 358 2313 eorum
373 2275 571 2323 tignorum
581 2274 765 2322 junctura
778 2275 954 2319 distabat,
970 2274 1072 2311 binis
1088 2274 1282 2323 utrimque
1292 2275 1423 2312 fibulis

228 2331 276 2366 ab
296 2325 471 2365 extrema
490 2335 599 2376 parte
622 2329 922 2365 distinebantur:
951 2329 1093 2377 quibus
1111 2327 1290 2365 disclusis
1309 2333 1422 2376 atque

227 2383 268 2419 in
288 2381 518 2419 contrariam
540 2387 688 2430 partem
708 2382 905 2426 revinctis,
926 2387 1034 2419 tanta
1053 2386 1136 2418 erat
1155 2381 1282 2430 operis
1299 2381 1422 2418 firmi·

226 2436 321 2475 tudo
340 2441 455 2484 atque
475 2447 518 2472 ea
538 2447 666 2472 rerum
687 2441 836 2481 natura,
857 2442 900 2472 ut
929 2448 1005 2485 quo
1031 2432 1156 2488 major
1175 2434 1235 2472 vis
1254 2445 1361 2489 aquae
1382 2445 1422 2471 se
