1496 2671
285 152 335 190 14
590 151 781 198 QUINTI
809 150 991 190 CURTII
1018 152 1150 191 RUFI

282 261 381 298 fecit.
435 259 577 308 Itaque,
607 262 617 280 ‘
632 260 672 297 Si
699 258 791 306 Dii?
821 260 953 321 inquit,
983 263 995 281 ‘
1006 259 1188 311 Philippe,
1214 260 1284 300 tibi
1309 261 1447 311 permi«

285 314 417 351 sissent
435 325 509 362 quo
527 313 684 350 maxime
700 314 812 351 modo
830 317 993 351 animum
1003 314 1116 352 velles
1130 313 1289 364 experiri
1306 327 1442 361 meum,

283 367 354 404 alio
372 367 538 416 profecto
556 367 743 413 voluisses,
764 367 830 404 sed
848 367 1003 405 certiore
1021 380 1131 417 quam
1149 375 1324 418 expertus
1337 380 1377 406 es
1394 380 1443 405 ne

283 426 446 470 optasses
463 420 637 469 quidem:
666 421 734 458 hac
753 421 905 470 epistola
932 426 1093 470 accepta,
1120 426 1245 460 tamen
1262 422 1364 472 quod
1388 421 1446 458 di-

282 475 404 511 lueras
421 473 510 520 bibi,
539 480 577 513 et
604 487 704 512 1111110
718 475 838 520 crede,
857 487 916 512 me
942 487 1020 512 non
1045 475 1166 514 minus
1192 487 1261 525 pro
1286 481 1355 514 tua
1371 475 1446 512 fide

283 540 393 577 quam
410 540 478 578 pro
504 541 586 566 mea
611 529 729 567 salute
747 541 825 565 esse
844 527 1052 566 solicitum.’
1104 528 1211 567 Haec
1237 529 1451 580 eloquutus,

284 583 452 619 dextram
472 581 644 632 Philippo
663 582 784 620 offert.

336 635 421 673 XV.
452 635 637 681 Ceterum,
675 640 782 673 tanta
808 635 863 672 vis
893 634 1145 673 medicaminis
1170 635 1253 682 fuit,
1281 641 1325 675 ut
1351 649 1446 686 quae

282 694 438 738 sequuta
474 696 561 727 sunt
589 689 882 727 criminationem
919 688 1172 727 Parmenionis
1207 689 1417 740 adjuverint
1437 704 1446 727 :

282 743 504 781 interclusus
523 743 672 793 spiritus
691 749 791 780 arcte
808 743 965 780 meabat.
1019 743 1102 780 Nec
1129 742 1322 794 Philippus
1339 744 1448 793 quid-

284 809 394 845 quam
411 797 645 847 inexpertum
661 797 783 834 omisit
803 810 812 841 3
839 796 901 833 ille
912 796 1075 834 fomenta
1091 798 1235 847 corpori
1253 798 1418 836 admovit
1438 811 1448 841 ;

282 850 346 888 ille
372 855 582 900 torpentem
600 863 700 887 nunc
719 850 791 887 cibi
808 862 909 887 nunc
927 849 1005 887 vini
1018 850 1133 888 odore
1151 851 1337 890 excitavit.
1376 852 1448 889 At-

285 916 367 953 que,
388 911 432 942 ut
450 905 608 953 primum
627 904 761 941 mentis
777 908 982 953 compotem
1001 916 1079 941 esse
1098 905 1229 951 sensit,
1241 905 1354 942 modo
1371 917 1449 942 ma-

282 958 351 995 tris
370 970 620 1007 sororumque,
648 957 759 994 modo
778 963 904 996 tantae
918 957 1094 996 victoriae
1120 958 1449 1008 appropinquantis

286 1011 484 1049 admonere
502 1023 579 1048 non
597 1011 754 1049 destitit.
810 1009 861 1048 Ut
887 1024 976 1048 vero
993 1011 1303 1050 medicamentum
1321 1024 1362 1049 se
1378 1011 1450 1049 dif-

283 1065 382 1103 fudit
400 1065 439 1101 in
457 1078 580 1111 venas,
606 1070 643 1103 et
662 1065 796 1102 sensim
813 1069 894 1103 toto
913 1077 1065 1114 corpore
1091 1065 1288 1103 salubritas
1311 1065 1451 1116 percipi

284 1118 420 1168 potuit,
436 1119 554 1168 primo
572 1119 715 1156 animus
733 1119 896 1168 vigorem
915 1131 1034 1164 suum,
1053 1118 1189 1156 deinde
1206 1131 1340 1169 corpus
1358 1131 1450 1168 quo-

285 1185 356 1221 que
396 1173 654 1222 expectatione
684 1172 865 1210 maturius
900 1172 1132 1222 recuperavit
1150 1185 1160 1217 ;
1197 1173 1337 1223 quippe
1364 1178 1449 1222 post

285 1225 450 1264 tertium*
467 1226 564 1263 diem
583 1239 694 1276 quam
707 1226 747 1263 in
765 1226 836 1263 1100
862 1231 961 1264 statu
986 1226 1118 1271 fuerat,
1146 1226 1187 1263 in
1213 1233 1449 1276 conspectum

287 1280 446 1318 militum
464 1280 578 1318 venit.
633 1280 714 1317 Nec
741 1279 882 1316 avidius
899 1279 1019 1328 ipsum
1036 1292 1162 1328 regem
1181 1292 1290 1329 quam
1310 1279 1452 1329 Philip-

287 1346 377 1383 pum
390 1334 607 1372 intuebatur
624 1333 808 1371 exercitus
828 1347 836 1370 :
865 1346 933 1382 pro
961 1346 1000 1370 30
1017 1333 1172 1383 quisque
1189 1334 1358 1372 dextram
1372 1333 1452 1383 ejus

288 1387 446 1437 amplexi
462 1392 586 1436 grates
604 1387 791 1424 habebant
808 1386 911 1424 velut
929 1386 1115 1436 praesenti
1141 1386 1224 1424 deo.
1279 1387 1450 1436 Namque

286 1441 387 1478 haud
401 1441 507 1478 facile
533 1441 637 1478 (lictu
657 1446 723 1486 est,
752 1446 897 1490 praeter
923 1440 1129 1489 ingenitam
1154 1440 1210 1477 illi
1235 1440 1340 1489 genti
1367 1453 1451 1489 erga

287 1507 394 1544 reges
421 1507 506 1532 suos
532 1495 818 1539 venerationem,
857 1499 1037 1543 quantum
1062 1493 1173 1543 hujus
1198 1494 1329 1543 utique
1354 1495 1452 1543 regis

287 1549 346 1586 vel
365 1548 610 1593 admirationi,
632 1547 749 1585 dediti
766 1547 917 1594 fuerint,
945 1547 1004 1584 vel
1030 1547 1185 1586 caritate
1201 1547 1451 1597 flagraverint.

288 1602 519 1652 Jampridem
553 1601 646 1638 nihil
683 1601 761 1638 sine
797 1601 924 1638 divina
949 1614 1019 1651 ope
1044 1601 1199 1650 aggredi
1225 1601 1449 1640 videbatur:

287 1668 385 1701 nam,
414 1668 528 1705 quum
546 1661 641 1693 esset
668 1660 814 1705 praesto
839 1655 977 1703 ubique
1002 1654 1163 1700 fortuna,
1199 1655 1386 1693 temeritas
1412 1655 1451 1692 in

288 1709 444 1758 gloriam
477 1714 646 1746 cesserat.
700 1709 816 1746 Aetas
848 1720 994 1757 quoque
1019 1708 1081 1744 vix
1099 1707 1213 1746 tantis
1231 1713 1377 1747 matura
1393 1721 1450 1746 re-

286 1764 368 1809 bus,
389 1763 453 1800 sed
471 1763 620 1800 abunde
637 1762 831 1807 sufficiens,
852 1762 977 1798 omnia
990 1761 1069 1810 ejus
1087 1774 1198 1811 opera
1216 1761 1449 1800 honestabat.

290 1817 341 1855 Et
359 1829 454 1866 quae
471 1816 609 1854 leviora
633 1816 761 1853 haberi
779 1815 900 1853 solent
926 1815 1143 1864 plerumque
1169 1815 1209 1852 in
1234 1827 1335 1864 rege,
1355 1816 1450 1853 mili-

289 1871 361 1909 tari
378 1871 550 1920 graviora
566 1870 679 1919 vulgo
694 1874 792 1915 sunt,
805 1869 1019 1907 exercitatio
1043 1868 1206 1918 corporis
1216 1869 1315 1907 inter
1340 1869 1450 1919 ipsos,

292 1925 413 1963 cultus
443 1924 664 1973 habitusque
689 1923 878 1972 paululum
907 1935 928 1959 a
952 1923 1098 1984 privato
1124 1922 1336 1969 abhorrens,
1356 1923 1452 1960 mili-

292 1978 382 2016 taris
401 1978 528 2027 vigor:
558 1978 660 2026 queis
677 1977 739 2014 ille
765 1976 850 2014 vel
841 1976 981 2025 ingenii
999 1976 1149 2014 dotibus
1166 1976 1226 2013 vel
1239 1977 1352 2013 animi
1363 1977 1453 2015 arti-

291 2033 372 2077 bus,
387 2036 431 2069 ut
448 2031 587 2081 pariter
606 2044 709 2068 carus
727 2043 769 2068 ac
784 2030 1015 2067 venerandus
1033 2036 1140 2076 esset,
1160 2029 1342 2069 effecerat.

347 2085 453 2123 XVI.
482 2085 517 2124 7.
547 2086 602 2122 At
616 2084 765 2128 Darius,
781 2084 919 2121 nuncio
932 2083 979 2120 de
998 2083 1151 2121 adversa
1168 2083 1382 2122 valetudine
1391 2096 1451 2122 ac-

295 2146 415 2189 cepto,
453 2138 652 2184 celeritate,
687 2143 863 2187 quantam
899 2149 1028 2186 capere
1062 2142 1139 2175 tam
1174 2149 1288 2187 grave
1319 2150 1452 2187 agmen

294 2197 451 2242 poterat,
471 2192 520 2229 ad
534 2191 752 2241 Euphraten
771 2191 973 2236 contendit,
988 2190 1194 2240 junctoque
1206 2203 1250 2228 eo
1264 2191 1451 2240 pontibus,

295 2247 458 2296 quinque
486 2245 638 2283 tandem
665 2245 794 2282 diebus
813 2244 957 2293 trajecit
975 2244 1187 2291 exercitum,
1207 2244 1372 2282 Ciliciam
1391 2257 1452 2281 oe-

295 2312 429 2350 cupare
446 2299 634 2337 festinans.
706 2298 865 2347 Jamque
892 2298 1118 2344 Alexander,
1137 2298 1276 2336 viribus
1290 2299 1451 2347 corporis

295 2353 462 2403 receptis,
484 2353 531 2390 ad
558 2353 687 2389 urbem
707 2351 811 2390 Solos
837 2358 1066 2400 pervenerat,
1086 2351 1191 2401 cujus
1207 2351 1360 2401 potitus,
1381 2351 1451 2388 du-

296 2408 411 2447 centis
438 2406 587 2445 talentis
613 2406 760 2444 nomine
778 2406 938 2444 mulctae
964 2405 1112 2451 exactis,
1131 2405 1206 2442 arci
1231 2404 1453 2454 praesidium
