1496 2671
326 225 398 263 DE
428 222 608 264 BELLO
640 223 889 265 GALLICO
918 223 1023 263 LIB.
1052 225 1084 263 Ι.
1248 222 1298 265 27

114 331 276 372 Romani
288 338 443 381 gratum
458 346 540 370 esse
559 332 770 376 facturum3
786 333 826 370 id
846 346 886 370 se
905 334 953 370 ab
973 333 1066 382 ipsis
1087 344 1301 381 percorum

113 387 271 424 nuncios
297 392 534 435 compertum
566 387 719 431 habere,
749 399 909 434 quorum
940 388 1112 423 omnium
1135 386 1301 433 gratiam

112 446 226 488 atque
244 440 450 476 amieit'mm
479 439 563 488 ejus
590 445 709 476 morte
728 440 916 476 redimere
935 446 1075 487 posset.
1134 438 1248 485 Quod
1266 439 1301 476 si

111 493 333 531 decessisset
352 498 390 530 et
409 493 568 530 liberam
591 492 846 541 posessionem
867 492 1005 530 Galliae
1026 493 1097 529 sibi
1117 492 1300 530 tradidis-

111 552 179 592 set,
201 559 339 595 magno
366 559 406 583 se
435 547 543 584 illum
575 547 733 595 praemio
762 553 1109 591 remuneraturum,
1132 552 1170 583 et
1189 559 1303 594 quae—

110 611 272 647 cumque
291 600 392 637 bella
406 601 490 649 geri
512 600 637 646 vellet,
667 599 750 637 sine
779 599 857 636 ullo
878 599 961 648 ejus
988 599 1119 637 labore
1139 606 1178 637 et
1196 600 1300 648 peri-

109 653 195 690 culo
223 653 500 691 confecturum.

161 705 294 743 XLV.
325 707 453 744 Multa
485 708 533 744 ab
567 706 717 745 Caesare
749 707 790 743 in
820 719 904 743 eam
933 706 1163 743 sententiam
1197 706 1300 744 dicta

108 766 211 804 sunt,
233 772 352 807 quare
369 761 523 809 negotio
539 761 720 798 desistere
733 773 810 797 non
830 767 968 808 posset,
989 765 1028 796 et
1046 771 1172 807 neque
1193 771 1300 796 suam

107 824 233 861 neque
253 814 384 862 populi
404 814 571 851 Romani
599 815 917 852 consuetudinem
946 812 1038 861 pati,
1069 813 1127 849 uti
1156 812 1301 861 optime

106 867 264 904 meritos
285 867 407 904 socios
445 868 654 905 desereret:
689 880 814 916 neque
844 879 884 904 se
915 865 1093 914 judicare
1132 865 1300 903 Galliam

107 920 235 968 potius
273 933 355 957 esse
393 920 599 966 Ariovisti,
637 933 753 968 quam
790 920 923 970 populi
951 919 1130 956 Romani.
1187 919 1300 957 Bello

107 979 306 1021 superatos
326 986 407 1011 esse
427 972 627 1011 Arvernos
648 980 686 1010 ct
706 974 881 1011 Rutenos
902 974 949 1010 ab
972 971 1018 1017 Q.
1041 972 1162 1009 Fabio
1181 971 1299 1010 Max-2

105 1026 194 1070 imo,
233 1028 374 1076 quibus
412 1028 576 1076 populus
614 1025 807 1065 Romanus
844 1026 1069 1075 ignovisset,
1104 1038 1230 1074 neque
1258 1027 1300 1063 in

105 1080 345 1127 provinciam
373 1081 596 1129 redegisset,
626 1093 751 1128 neque
781 1080 1018 1129 stipendium
1036 1079 1299 1128 imposuisset.

108 1131 221 1178 Quod
241 1134 273 1170 si
293 1134 605 1182 antiquissimum
625 1135 804 1181 quodque
824 1140 976 1181 tempus
997 1133 1164 1181 spectari
1185 1146 1299 1183 opor-

104 1192 215 1232 teret,
246 1187 378 1235 populi
414 1187 579 1224 Romani
601 1186 861 1234 justissimum
891 1198 973 1223 esse
1000 1186 1042 1222 in
1072 1184 1200 1223 Gallia
1226 1187 1298 1223 im-

104 1240 270 1287 perium:
284 1241 316 1277 si
323 1240 515 1288 judicium
531 1240 688 1278 senatfis
702 1240 900 1277 observari
910 1245 1115 1288 oporteret,
1135 1240 1298 1278 liberam

104 1293 243 1331 debere
262 1306 345 1331 esse
378 1293 558 1339 Galliam,
590 1306 705 1342 quam
739 1293 839 1331 bello
873 1294 1016 1330 victam
1046 1293 1126 1330 suis
1146 1293 1298 1343 legibus

106 1346 162 1383 uti
183 1347 380 1384 voluisset.

157 1399 308 1437 XLVI.
339 1401 444 1437 Dum
480 1401 563 1437 haee
595 1400 638 1436 in
683 1400 873 1449 colloquio
910 1405 1112 1449 geruntur,
1154 1398 1299 1437 Caesari

104 1454 328 1491 nunciatum
363 1460 431 1497 est,
484 1453 634 1502 equites
680 1451 873 1491 Ariovisti
908 1453 1068 1502 propius
1105 1454 1299 1490 tumulum

105 1507 285 1544 accedere
306 1513 343 1544 et
372 1508 420 1544 ad
452 1514 603 1544 nostros
622 1507 856 1555 adequitare,
889 1506 1037 1555 lapides
1069 1506 1223 1555 telaque
1257 1507 1299 1543 in

104 1566 254 1598 nostros
273 1560 476 1608 conjicere.
534 1560 662 1598 Caesar
694 1560 877 1609 loquendi
906 1561 1023 1597 finem
1053 1558 1157 1606 feeit,
1180 1571 1299 1607 seque

103 1614 152 1650 ad
172 1626 260 1651 suos
288 1614 434 1663 recepit
462 1614 618 1662 suisque
656 1613 874 1661 imperavit,
913 1624 962 1649 ne
1000 1612 1103 1662 quod
1142 1615 1299 1651 omnino

103 1667 223 1704 telum
243 1668 283 1704 in
302 1668 430 1704 hostes
448 1667 664 1715 rejicerent.
713 1667 816 1704 Nam
830 1667 903 1704 etsi
925 1667 1007 1704 sine
1028 1666 1105 1703 ullo
1125 1667 1299 1716 periculo

102 1720 265 1769 legionis
302 1721 457 1758 delectae
490 1734 578 1757 cum
611 1720 787 1769 equitatu
821 1720 1001 1769 proelium
1019 1719 1102 1757 fore
1122 1721 1297 1758 videbat:

81 1804 85 1808 .
102 1779 231 1811 tamen
250 1775 566 1812 committendum
587 1787 663 1811 uon
683 1775 857 1822 putabat,
880 1779 934 1819 ut,
964 1773 1087 1822 pulsis
1107 1774 1296 1819 hostibus,

103 1827 180 1865 dici
199 1834 328 1877 posset
347 1841 410 1866 eos
431 1829 479 1865 ab
500 1841 540 1865 se
562 1841 631 1877 per
650 1828 765 1864 fidem
781 1828 823 1863 in
842 1827 1032 1876 colloquio
1052 1827 1298 1864 circumven-

102 1886 176 1918 tos.
232 1882 487 1931 Posteaquam
507 1881 548 1917 in
577 1881 718 1930 vulgus
748 1881 914 1917 militum
945 1880 1091 1917 elatum
1120 1886 1190 1924 est,
1221 1878 1298 1929 qua

103 1933 323 1984 arrogantia
350 1936 391 1971 in
429 1935 619 1983 colloquio
649 1934 874 1971 Ariovistus
903 1944 996 1971 usus
1033 1934 1137 1970 omni
1168 1932 1299 1971 Gallia

104 1985 285 2025 Romanis
331 1988 599 2026 interdixisset
647 1988 912 2036 impetumque
948 1987 990 2023 in
1023 1993 1175 2024 nostros
1213 1987 1298 2035 ejus

104 2042 252 2090 equites
280 2041 470 2087 fecissent,
505 2054 625 2090 eaque
653 2053 715 2078 res
743 2041 976 2089 colloquium
997 2046 1040 2077 ut
1061 2040 1297 2078 diremisset:

104 2095 226 2132 multo
244 2094 367 2142 major
394 2096 572 2133 alacritas
601 2095 849 2143 studiumque
867 2094 1067 2144 pugnandi
1086 2093 1211 2142 majus
1228 2107 1296 2132 ex-

105 2147 244 2185 ercitui
263 2147 448 2196 injectum
467 2155 536 2186 est.
1246 2190 1249 2192 ,

158 2201 335 2238 XLVII,
366 2201 493 2239 Biduo
512 2208 600 2251 post
620 2201 844 2239 Ariovistus
866 2201 914 2238 ad
936 2199 1128 2239 Caesarem
1148 2200 1298 2250 legatos

103 2255 236 2300 mittit,
258 2255 358 2292 velle
386 2267 426 2292 se
454 2256 502 2292 de
529 2256 590 2293 his
609 2256 737 2301 rebus,
759 2267 844 2304 quae
864 2255 966 2292 inter
987 2266 1050 2292 eos
1070 2254 1134 2302 agi
1154 2261 1298 2303 coeptae

103 2321 231 2357 neque
251 2307 430 2357 perfectae
459 2315 597 2355 essent,
627 2321 742 2357 agere
771 2321 859 2345 cum
880 2320 940 2346 eo:
972 2308 1028 2345 uti
1057 2313 1125 2345 aut
1151 2308 1297 2354 iterum

104 2361 295 2409 colloquio
315 2361 415 2399 diem
436 2362 699 2408 constitueret,
720 2368 798 2408 aut,
821 2362 853 2399 si
881 2362 922 2398 id
940 2362 1068 2398 minus
1096 2360 1225 2405 vellet,
1247 2373 1298 2397 ex

105 2415 186 2452 suis
204 2414 342 2464 legatis
357 2415 524 2464 aliquem
543 2415 592 2452 ad
605 2428 646 2452 se
663 2415 846 2453 mitteret.
879 2414 1137 2463 Colloquendi
1155 2413 1299 2449 Caesari

105 2480 220 2506 causa
240 2469 325 2506 visa
353 2481 428 2506 non
462 2475 532 2515 est,
554 2475 591 2507 et
611 2481 654 2506 eo
682 2469 816 2519 magis,
847 2469 949 2516 quod
978 2467 1103 2517 pridie
1123 2465 1207 2515 ejus
1221 2467 1299 2505 diei
