1496 2671
293 411 340 459 C,
375 409 530 460 JULII
562 409 814 460 CAESARIS
846 412 1256 463 COMMENTARII

753 549 800 572 DE

428 626 701 718 BELLO
737 658 1124 719 GALLICO.

538 965 724 1000 LIBER
757 965 1013 1000 PRIMUS.

240 1046 382 1085 Gallice
400 1047 602 1098 descriptio
621 1061 656 1084 e.
682 1049 716 1083 1.
771 1046 875 1083 Eam
894 1046 1063 1084 Helvetii
1090 1048 1272 1085 invadere
1291 1054 1371 1086 ten„

180 1106 293 1137 tant:
321 1101 388 1138 sed
403 1100 549 1138 duobus
561 1100 711 1149 proeliis
730 1113 755 1137 α
782 1100 932 1137 C'aesare
954 1100 1236 1151 profliyantur,
1257 1108 1294 1139 et
1310 1117 1371 1140 re-

179 1153 313 1203 liquz‘ae
327 1155 367 1190 in
372 1155 564 1203 patriam,
579 1166 697 1202 quam
711 1154 972 1199 deseruerant,
988 1154 1229 1204 repelluntur
1243 1169 1274 1193 c.
1292 1158 1372 1193 2—

177 1208 244 1245 29.
306 1206 418 1244 Galli
435 1208 545 1257 apud
567 1207 757 1244 Coesarem
776 1207 822 1243 de
850 1207 1056 1253 Ariovisto,
1085 1208 1373 1246 Germanorum

177 1273 273 1309 reye,
300 1260 569 1310 Sequanorum
588 1272 727 1308 agrum
755 1259 949 1305 insidente,
978 1268 1277 1310 conqueruntur,
1307 1262 1372 1299 ille

176 1314 445 1364 componendae
463 1314 521 1351 rei
539 1313 681 1362 leyatos
700 1314 756 1350 ad
774 1313 1011 1350 Ariovistum
1031 1315 1154 1360 mittit,
1184 1314 1370 1365 sedfrus-

179 1373 240 1403 tra
262 1368 434 1405 30—36.
495 1367 634 1417 Copias
655 1367 840 1404 adversus
858 1379 943 1403 eum
963 1367 1091 1404 educit
1101 1369 1276 1417 primum
1292 1382 1368 1419 pa-

176 1420 300 1463 vidas,
318 1426 405 1470 post
422 1427 548 1457 tamen
567 1419 723 1457 hortatu
735 1432 803 1457 suo
818 1419 1082 1469 confirmatas.
1137 1420 1371 1471 Colloquun-

177 1479 243 1510 tur
258 1475 432 1523 partium
460 1474 583 1520 duces,
613 1474 683 1510 sed
698 1473 805 1511 nullo
823 1472 974 1527 effectu.
1031 1474 1155 1511 Proin
1174 1476 1291 1512 armis
1310 1488 1370 1512 res

172 1528 323 1574 yeritur
335 1543 349 1570 ;
377 1533 415 1563 et
430 1526 539 1564 clade
558 1533 727 1577 accepta,
748 1540 767 1564 e
792 1525 928 1564 Gallia
942 1527 1179 1577 profuqiunt
1203 1528 1370 1566 Germa-

175 1581 218 1616 ni
236 1579 408 1619 37—-54.

177 1688 342 1727 GALLIA
360 1694 419 1727 est
438 1688 561 1726 omnis
589 1687 714 1726 divisa
733 1688 773 1725 in
793 1694 922 1737 partes
951 1693 1040 1734 tres,
1068 1701 1231 1737 quarum
1251 1701 1369 1727 unam

173 1742 347 1780 incolunt
366 1741 508 1792 Belgae,
537 1742 651 1780 aliam
671 1740 873 1791 Aquitani,
903 1742 1068 1787 tertiam,
1098 1742 1166 1791 qui
1194 1742 1368 1791 ipsorum

173 1795 308 1845 lingua
330 1795 460 1840 Celtae,
481 1793 614 1833 nostra
627 1794 728 1833 Galli
748 1795 1005 1845 appellantur.
1063 1795 1119 1832 Hi
1137 1807 1269 1833 omnes
1288 1796 1363 1833 lin-

173 1847 262 1898 gua,
291 1849 491 1894 institutis,
521 1849 674 1899 legibus
702 1849 804 1885 inter
832 1861 872 1886 se
900 1848 1097 1886 differunt.
1157 1847 1290 1886 Gallos
1318 1851 1367 1887 ab

175 1901 383 1951 Aquitanis
413 1902 614 1940 Garumna
642 1901 797 1945 fiumen,
828 1915 850 1939 a
877 1901 1011 1951 Belgis
1031 1902 1212 1940 Matrona
1232 1908 1271 1939 et
1294 1901 1363 1940 Se-

173 1968 299 2003 quana
317 1956 469 1994 dividit.
526 1956 679 1993 Horum
698 1955 869 1993 omnium
889 1955 1089 1993 fortissimi
1110 1961 1200 1992 sunt
1219 1955 1364 2005 Belgae,

174 2015 375 2057 propterea
393 2009 496 2058 quod
509 2022 531 2047 a
543 2010 650 2047 cultu
665 2016 780 2057 atque
795 2009 1035 2046 humanitate
1049 2008 1268 2046 Provinciae
1282 2009 1366 2047 lon-

173 2062 329 2111 gissime
359 2064 512 2109 absunt,
541 2063 776 2112 minimeque
813 2063 862 2099 ad
899 2074 964 2100 eos
998 2067 1230 2099 mercatores
1267 2075 1366 2113 saepe

174 2121 400 2162 commeant,
415 2121 530 2165 atque
549 2129 594 2154 ea
611 2129 697 2165 quae
715 2116 764 2153 ad
782 2115 1058 2153 effeminandos
1079 2115 1226 2153 animos
1245 2116 1364 2165 perti-

173 2174 278 2213 nent,
299 2169 521 2218 important:
549 2169 795 2219 proximique
816 2175 906 2207 sunt
928 2168 1146 2214 Germanis,
1167 2169 1234 2218 qui
1254 2175 1364 2208 trans

173 2221 356 2259 Rhenum
383 2221 567 2267 incolunt,
596 2224 825 2273 quibuscum
854 2223 1097 2260 continenter
1124 2222 1269 2260 bellum
1295 2235 1363 2272 ge-

173 2281 280 2312 runt:
309 2277 386 2324 qua
413 2276 460 2313 de
488 2278 602 2313 causa
632 2276 806 2316 Helvetii
834 2289 988 2326 quoque
1023 2276 1193 2324 reliquos
1228 2274 1362 2314 Gallos

173 2328 320 2366 virtute
348 2328 580 2377 praecedunt,
609 2331 711 2378 quod
738 2329 819 2368 fere
847 2330 1082 2380 quotidianis
1110 2329 1254 2378 proeliis
1274 2341 1362 2366 cum

175 2379 382 2420 Germanis
392 2383 761 2432 contendunt‚quum
769 2389 835 2422 aut
847 2383 926 2422 suis
934 2384 1076 2422 finibus
1085 2395 1150 2421 eos
1159 2381 1363 2431 prohibent
