1496 2671
289 179 362 217 DE
393 176 572 216 BELLO
603 176 853 215 GALLICO
882 177 987 214 LIss.
1015 175 1090 213 JV.
1231 177 1282 213 69

91 285 329 324 committere
348 298 423 322 non
443 284 611 328 auderet,
633 283 768 332 quinto
788 284 850 321 die
870 285 916 321 ad
939 283 1130 321 Caesarem
1150 295 1280 319 rever-

91 341 205 383 titur3
232 350 392 387 quaeque
410 338 465 374 ibi
486 338 757 386 perspexisset,
780 337 994 375 renunciat.

143 392 286 429 XXII.
323 393 422 428 Dum
442 393 482 427 in
503 392 561 427 his
579 391 672 427 locis
695 390 824 427 Caesar
843 391 1001 427 navium
1022 390 1277 439 parandarum

88 447 204 485 causa
223 450 404 489 moratur,
439 458 488 481 ex
522 442 661 493 magna
692 449 800 492 parte
835 443 1077 480 Morinorum
1111 443 1157 480 ad
1191 455 1278 479 eum

87 500 204 548 legati
223 504 425 542 venerunt,
448 498 515 545 qui
548 510 587 534 se
615 498 662 534 de
682 497 890 544 superioris
919 497 1103 545 temporis
1121 495 1279 533 consilio

84 558 325 596 excusarent,
347 552 448 599 quod
469 551 640 588 homines
667 551 819 587 barbari
849 556 887 586 et
908 556 1046 586 nostrae
1067 555 1273 587 consuetu-

88 605 190 642 dinis
209 605 380 654 imperiti
413 604 557 642 bellum
591 604 731 653 populo
756 604 929 640 Romano
948 603 1141 647 fecissent,
1163 615 1279 651 seque

83 671 138 703 ea,
170 671 254 708 quae
288 660 523 707 imperasset,
558 657 726 694 facturos
746 657 1031 706 pollicerentur.
1092 656 1178 693 Hoc
1199 656 1273 693 sibi

84 712 177 749 satis
197 719 411 761 opportune
433 711 563 749 Caesar
582 711 764 748 accidisse
787 711 1009 754 arbitratus,
1031 710 1132 758 quod
1153 722 1277 758 neque

83 773 169 813 post
188 771 342 814 tergum
380 766 528 802 hostem
564 765 781 813 relinquere
819 764 983 808 volebat,
1023 776 1147 810 neque
1184 763 1276 799 belli

82 819 243 867 gerendi
263 825 419 867 propter
438 819 529 855 anni
545 824 696 866 tempus
712 818 933 855 facultatem
954 817 1130 860 habebat,
1151 828 1276 864 neque

81 872 151 909 has
194 873 430 909 tantularum
472 884 601 908 rerum
638 872 908 919 occupationes
945 870 1020 907 sibi
1057 870 1273 906 Britanniae

81 926 366 974 anteponendas
372 925 583 973 judicabat,
601 937 783 973 magnum
797 925 856 961 his
875 923 1051 961 obsidum
1072 935 1275 959 numerum

82 979 257 1027 imperat.
291 978 441 1024 Quibus
460 979 647 1023 adductis,
668 990 732 1014 eos
752 978 792 1014 in
812 978 927 1014 fidem
946 977 1103 1026 recepit.
1152 976 1276 1013 Navi-

82 1033 154 1069 bus
190 1033 344 1069 circiter
380 1031 548 1068 LXXX
584 1031 771 1068 onerariis
809 1032 950 1068 coactis
977 1030 1272 1078 contractisque,

79 1091 175 1134 quot
194 1087 286 1122 satis
306 1098 387 1122 esse
408 1086 456 1122 ad
483 1086 577 1122 duas
609 1085 924 1133 transportandas
944 1084 1116 1133 legiones
1136 1084 1273 1120 existi-

79 1140 221 1183 mabat,
241 1139 429 1187 quidquid
461 1144 648 1186 praeterea
678 1138 832 1174 navium
865 1138 1065 1186 longarum
1093 1137 1274 1181 habebat,

79 1193 271 1240 quaestori,
295 1191 431 1238 legatis
451 1192 720 1240 praefectisque
740 1191 950 1228 distribuit.
1009 1190 1099 1227 Huc
1118 1191 1273 1227 accede-

79 1246 172 1281 bant
192 1245 343 1281 XVIII
362 1246 542 1281 onerariae
562 1257 692 1289 naves,
706 1256 791 1292 quae
808 1257 856 1281 ex
870 1257 914 1281 eo
934 1245 1017 1281 loco
1035 1245 1083 1280 ab
1103 1244 1273 1280 millibus

78 1310 259 1346 passuum
280 1298 389 1335 VIII
408 1305 525 1335 vento
543 1299 785 1341 tenebantur,
806 1311 882 1346 quo
899 1298 1025 1334 minus
1045 1297 1085 1332 in
1107 1297 1272 1334 eundem

78 1357 232 1399 portum
264 1352 468 1400 pervenire
497 1358 661 1399 possent.
721 1351 804 1388 Has
832 1351 1029 1400 equitibus
1054 1350 1271 1393 distribuit3

78 1405 271 1452 reliquum
291 1406 504 1442 exercitum
534 1403 580 1450 Q
613 1405 767 1441 Titurio
799 1404 942 1442 Sabino
971 1410 1008 1441 et
1037 1403 1083 1440 L.
1106 1404 1270 1440 Aurun-

77 1458 200 1494 culeio
221 1457 355 1503 Cottae‚
388 1459 535 1507 legatis,
565 1459 606 1494 in
638 1458 839 1506 Menapios
870 1463 985 1505 atque
1004 1457 1045 1494 in
1065 1469 1129 1493 eos
1149 1469 1268 1506 pagos

80 1509 335 1556 Morinorum,
370 1513 418 1548 ab
455 1513 594 1560 quibus
632 1512 679 1548 ad
716 1524 804 1548 eum
835 1512 950 1560 legati
971 1523 1047 1548 non
1069 1517 1267 1555 venerant,

78 1565 342 1601 deducendum
375 1566 491 1602 dedit.
560 1565 603 1601 P.
643 1564 858 1613 Sulpicium
892 1563 1044 1609 Rufum,
1085 1564 1266 1612 legatum,

79 1630 166 1655 cum
187 1631 231 1654 eo
251 1618 438 1667 praesidio,
460 1619 562 1663 quod
596 1618 688 1654 satis
717 1630 798 1655 esse
818 1617 1090 1662 arbitrabatur,
1114 1624 1268 1665 portum

77 1678 208 1708 tenere
221 1670 350 1718 jussit.

130 1724 297 1761 XXIII.
330 1723 402 1761 His
433 1724 653 1762 constitutis
685 1725 812 1768 rebus,
847 1730 983 1761 nactus
1012 1724 1190 1761 idoneam
1221 1725 1267 1760 ad

30 1777 50 1787 ’“
75 1779 336 1826 navigandum
374 1784 652 1826 tempestatem,
691 1778 808 1814 tertia
852 1777 933 1814 sere
963 1778 1100 1825 vigilia
1138 1778 1266 1822 solvit,

75 1831 300 1879 equitesque
333 1832 374 1867 in
408 1831 629 1868 ulteriorem
666 1838 820 1880 portum
855 1831 1036 1880 progredi
1077 1837 1117 1867 et
1147 1843 1266 1867 naves

75 1886 329 1922 conscendere
349 1892 387 1922 et
407 1897 446 1921 se
466 1885 573 1933 sequi
587 1884 722 1932 jussit:
739 1897 760 1921 a
779 1884 920 1932 quibus
941 1897 1060 1932 quum
1078 1884 1118 1920 id
1139 1884 1266 1931 paullo

76 1938 222 1974 tardius
259 1944 358 1975 esset
395 1939 716 1981 administratum,
754 1938 838 1986 ipse
875 1936 970 1974 horti
998 1937 1075 1974 diei
1112 1937 1267 1974 circiter

74 1989 213 2039 quarta
231 2004 318 2028 cum
347 1992 482 2040 primis
512 1992 677 2028 navibus
706 1991 949 2028 Britanniam
981 1991 1124 2039 attigit,
1150 1996 1266 2039 atque

75 2044 130 2081 ibi
150 2045 191 2080 in
211 2045 387 2082 omnibus
406 2045 568 2082 collibus
588 2045 783 2093 expositas
803 2044 973 2081 hostium
992 2045 1121 2093 copias
1141 2056 1262 2081 arma-

75 2104 134 2134 tas
153 2098 366 2146 conspexit.
423 2098 545 2146 Cujus
565 2099 639 2135 loci
659 2099 739 2135 haec
759 2104 841 2135 erat
859 2105 1012 2134 natura:
1042 2098 1136 2135 adeo
1155 2110 1264 2134 mon-

74 2151 179 2187 tibus
199 2151 373 2199 angustis
393 2164 496 2189 mare
516 2152 797 2197 continebatur,
815 2152 873 2188 uti
893 2163 939 2188 ex
956 2151 1050 2188 locis
1070 2151 1268 2200 superior-

74 2205 161 2240 ibus
177 2204 216 2239 in
230 2204 339 2240 littus
355 2205 474 2241 telum
489 2205 602 2253 adjici
617 2211 759 2253 posset.
792 2204 907 2241 Hunc
924 2205 971 2241 ad
988 2204 1263 2254 egrediendum

73 2269 314 2306 nequaquam
349 2257 530 2294 idoneum
567 2259 775 2295 arbitratus
810 2258 948 2302 locum,
982 2259 1074 2294 dum
1107 2257 1262 2305 reliquae

73 2322 192 2347 naves
212 2323 256 2347 eo
275 2311 536 2356 convenirent,
568 2312 616 2348 ad
649 2312 783 2348 horam
803 2324 943 2348 nonam
962 2311 1001 2347 in
1024 2312 1174 2348 ancoris
1193 2323 1262 2347 ex·-

74 2363 274 2412 spectavit.
331 2363 495 2400 Interim
514 2364 651 2413 legatis
670 2365 913 2414 tribunisque
933 2365 1099 2401 militum
1119 2376 1263 2400 convo-

72 2417 179 2462 catis,
201 2422 239 2454 et
257 2428 342 2465 quae
363 2429 413 2454 ex
433 2416 631 2455 Voluseno
650 2424 861 2466 cognosset,
876 2424 915 2456 et
934 2431 1018 2467 quae
1033 2418 1116 2455 fieri
1133 2416 1261 2461 vellet,
