1496 2671
280 208 353 245 DE
383 206 564 244 BELLO
595 204 843 244 GALLICO
873 205 976 242 LIB.
1005 205 1085 242 ΙΙΙ.
1234 205 1285 240 59

149 314 311 352 XXIX.
343 313 517 362 Reliquis
529 312 708 360 deinceps
721 312 855 349 (liebus
871 313 999 351 Caesar
1011 312 1128 350 silvas
1140 311 1286 348 caedere

94 369 273 412 instituit,
295 374 332 404 et
353 380 400 404 ne
419 367 506 415 quis
525 367 736 402 inermibus
755 366 1141 414 imprudentibusque
1156 364 1286 401 militi-

93 423 165 459 bus
180 422 227 458 ab
242 421 360 458 latere
372 421 538 468 impetus
550 420 633 456 fieri
647 425 785 468 posset,
802 433 953 457 omnem
974 433 1055 456 eam
1073 419 1284 460 materiam,

93 487 178 523 quae
197 480 279 511 erat
307 487 413 519 caesa,
435 486 657 510 conversam
678 473 725 509 ad
745 472 893 509 hostem
907 511 909 514 Α
922 474 1132 510 collocabat
1151 480 1189 509 et
1216 484 1285 520 pro

93 523 194 564 vallo
207 527 255 564 ad
270 534 477 576 utrumque
492 527 592 564 latus
613 527 855 563 exstruebat.
911 526 1138 563 Incredibili
1151 524 1286 562 celeri-

92 587 172 618 tate
205 593 344 628 magno
377 581 500 630 spatio
530 580 662 629 paucis
695 579 831 616 diebus
851 579 1038 625 confecto,
1058 592 1177 628 quum
1202 577 1285 625 jam

92 646 208 683 pecus
227 640 342 682 atque
368 640 542 671 extrema
564 633 839 681 impedimenta
867 635 915 670 ab
939 634 1080 669 nostris
1107 640 1286 669 teneren-

91 694 167 732 tur,
187 687 262 736 ipsi
282 688 478 725 densiores
493 688 609 724 silvas
629 692 817 735 peterent,
830 686 1018 734 ejusmodi
1040 691 1286 734 tempestates

92 746 182 777 sunt
210 748 433 785 consecutae,
455 741 511 777 uti
540 753 635 789 opus
663 741 877 777 necessario
905 740 1228 776 intermitteretur
1248 744 1287 774 et

92 794 380 831 continuatione
397 795 581 831 imbrium
601 793 746 830 diutius
766 796 837 830 sub
853 794 1018 842 pellibus
1039 793 1179 828 milites
1195 803 1285 828 con·

92 847 209 884 tineri
242 860 320 884 non
353 853 523 896 possent.
579 847 717 894 Itaque
751 847 911 885 vastatis
942 847 1120 883 omnibus
1153 857 1287 882 eorum

93 901 207 949 agris,
246 901 345 938 vicis
382 901 629 949 aedificiisque
674 900 853 945 incensis,
895 900 1024 938 Caesar
1070 899 1285 937 exercitum

93 954 250 993 reduxit
269 961 306 992 et
325 955 365 990 in
382 954 563 991 Aulercis
580 953 850 1001 Lexoviisquc,
865 955 1023 1003 reliquis
1038 954 1132 990 item
1148 952 1286 989 civita·

93 1007 209 1052 tibus,
240 1019 325 1056 quae
356 1008 532 1056 proxime
563 1008 706 1045 bellum
739 1006 921 1053 fecerant,
942 1008 982 1043 in
1015 1006 1188 1044 hibernis
1209 1005 1287 1041 col-

93 1060 249 1098 locavit.

489 1293 633 1328 LIBER
658 1293 896 1333 QUARTUS.

156 1385 196 1422 T
192 1386 363 1422 musicas
401 1384 598 1435 Usipetum
624 1390 660 1421 et
686 1383 1012 1421 Tenehtlzerorum
1033 1385 1073 1421 in
1100 1383 1286 1421 Galliam.

97 1439 226 1476 Mores
259 1438 472 1475 saevorum
508 1451 593 1487 cap.
645 1440 759 1475 1-3.
816 1438 997 1488 Illenapii
1041 1438 1213 1488 oppressi
1249 1441 1286 1474 4.

95 1492 249 1529 Bellum
283 1498 418 1529 contra
452 1492 668 1529 Germanos
695 1504 720 1528 a
757 1490 908 1529 Coesare
938 1497 1154 1541 susceptum
1181 1493 1219 1528 5.
1249 1493 1289 1529 6.

95 1545 258 1595 Leyatio
296 1546 581 1583 Germanorum
613 1545 668 1581 acl
709 1544 897 1582 Coesarem
929 1544 1046 1583 7—9.
1103 1545 1225 1582 Mosce
1256 1551 1292 1581 et

96 1598 226 1635 Rheni
245 1599 448 1649 descriptio
479 1600 536 1635 10.
592 1598 768 1645 Perfidia
806 1597 1118 1642 Germanorum5
1147 1598 1287 1643 clades,

80 1652 192 1700 fuya
216 1655 383 1689 11—15.
440 1652 544 1689 Pons
558 1652 599 1688 in
619 1651 756 1688 Rheno
771 1658 916 1688 stratas
934 1653 996 1689 16.
1014 1651 1073 1691 17.
1132 1652 1286 1688 Adven-

96 1711 156 1742 tus
181 1705 344 1743 Caesaris
366 1706 406 1742 in
441 1704 668 1752 Siyambris.
725 1705 916 1755 Receptus
943 1706 983 1741 in
1019 1704 1193 1742 Galliam
1226 1707 1289 1742 18.

100 1761 162 1797 19.
223 1759 430 1796 Consilium
465 1759 628 1796 Caesaris
652 1758 923 1808 proficiscendi
948 1760 990 1795 in
1020 1758 1288 1796 Britanniam.

101 1811 146 1850 C'.
195 1811 402 1850 Volusenus
439 1813 494 1849 ad
528 1813 828 1860 coquos-cendum
861 1813 1082 1862 praemissus
1119 1814 1184 1849 20,
1223 1813 1290 1848 21.

96 1866 246 1903 Morini
259 1867 409 1916 pacati.
473 1865 676 1916 Trajeetus
694 1867 734 1902 in
754 1865 935 1902 insulam.
995 1866 1032 1902 F
1030 1878 1106 1913 aya
1125 1865 1291 1902 Britan-

96 1930 247 1956 norum.
294 1920 450 1956 Deditio
476 1919 651 1958 22—27.
712 1919 855 1957 Classis
874 1919 1056 1956 Romana
1076 1925 1294 1968 tempestate

98 1971 258 2022 adflicta
295 1975 361 2010 28.
400 1975 466 2011 29.
522 1972 696 2022 Defectio
737 1973 1046 2016 Britannoram;
1077 1984 1218 2022 puyna
1247 1985 1293 2008 ez·

98 2026 244 2062 essedis.
310 2026 411 2064 Ultio
425 2027 471 2063 de
490 2026 707 2063 Britannis.
766 2026 929 2063 Reditus
954 2025 1117 2063 Ccesaris
1131 2027 1172 2062 in
1194 2025 1291 2062 Gal-

98 2078 192 2115 liam
212 2081 384 2117 30—36.
439 2080 614 2129 Perfidia
634 2080 879 2116 Morinorum
900 2079 965 2118 37.
1025 2079 1201 2128 Menapii
1227 2080 1292 2115 de-

93 2132 411 2181 populationibus
431 2135 571 2170 vexati.
634 2133 888 2184 Supplicatio·
908 2133 1054 2170 Coesari
1072 2132 1208 2170 Romoe
1227 2133 1291 2169 cle-

100 2191 206 2222 creta
226 2188 291 2223 38.

154 2283 215 2319 Ea
242 2295 327 2331 quae
358 2288 488 2320 secuta
517 2289 574 2320 est
592 2283 731 2328 hieme,
752 2284 817 2331 qui
839 2282 914 2320 fuit
933 2296 1057 2320 annus
1079 2282 1151 2320 Cn.
1173 2283 1290 2320 Pom-

101 2337 198 2384 peio,
221 2337 277 2372 M.
301 2334 439 2373 Crasso
460 2336 569 2373 Coss.
590 2337 772 2385 Usipetes
793 2336 980 2373 Germani
1007 2343 1045 2374 et
1070 2337 1163 2374 item
1186 2336 1289 2372 Ten-

100 2389 253 2427 chtheri
290 2387 430 2438 magnii
474 2402 561 2426 cum
606 2390 854 2427 multitudine
900 2391 1098 2427 hominum
1145 2390 1289 2426 flumen

101 2443 282 2480 Rhenum
314 2443 562 2488 transierunt,
589 2455 665 2480 non
697 2443 811 2492 longe
840 2457 862 2481 a
889 2444 998 2489 mari,
1025 2456 1102 2491 quo
1131 2443 1291 2479 Rhenus
