1496 2671
164 87 215 123 22
507 83 777 122 CORNELII
805 83 844 120 N
849 84 1049 124 EPOTIS

162 192 372 230 maximam
391 191 470 228 vim
490 191 714 240 prostravit.
772 190 859 237 Qua
879 191 1042 232 victoria
1055 192 1196 244 magna
1210 195 1352 244 praeda

161 246 319 294 potitus,
341 258 460 294 quum
488 245 644 282 domum
672 251 943 292 reverteretur,
964 248 1066 294 quod
1084 247 1167 296 jam
1186 249 1351 286 nonnul-

160 300 220 337 lae
238 299 386 337 insulae
406 304 562 348 propter
580 299 828 336 acerbitatem
843 299 995 347 imperii
1010 301 1239 348 defecerant,
1252 303 1352 340 bene

160 353 350 391 animatas
375 352 630 398 confirmavit,
659 353 844 390 alienatas
870 353 918 390 ad
937 353 1103 392 officium
1121 355 1248 393 redire
1264 368 1351 394 coe-

160 407 230 456 git.
291 406 466 456 Scyrum,
495 418 612 454 quam
640 418 684 443 eo
717 412 888 454 tempore
919 406 1088 457 Dolopes
1119 408 1349 455 incolebant,

160 460 263 508 quod
292 459 557 497 contumacius
591 471 630 496 se
655 467 837 508 gesserat,
865 460 1089 506 vacuefecit,
1115 474 1351 511 possessores

159 519 312 551 veteres
343 514 439 550 urbe
476 510 678 560 insulaque
716 512 841 561 ejecit,
871 526 983 563 agros
1016 515 1166 553 civibus
1203 516 1349 554 divisit.

161 567 323 605 Thasios
355 564 554 617 opulentia
580 567 700 604 fretos
729 579 799 603 suo
827 567 995 604 adventu
1016 567 1148 618 fregit.
1204 569 1281 608 His
1300 582 1351 607 ex

159 621 354 658 manubiis
383 633 453 658 arx
476 619 732 665 Athenarum,
753 622 830 669 qua
849 621 897 658 ad
916 622 1116 660 meridiem
1134 623 1275 672 vergit,
1295 630 1353 662 est

157 679 304 712 ornata.

159 813 262 853 CAP.
282 815 362 853 III.
426 815 658 853 Ostraeismo
693 814 825 853 Cimon
852 815 1014 866 ejicitur,
1039 816 1108 853 sed
1131 817 1351 860 restitutum

208 882 307 919 pace
346 881 431 906 eum
484 868 696 919 Spartanis
732 867 948 915 conciliata,
986 870 1028 906 in
1064 872 1351 920 oppugnatione

217 922 308 960 Citii
323 924 499 959 moritur.

213 997 374 1045 QUIBUS
407 999 525 1036 reb'us
551 1009 670 1046 quum
692 1010 791 1034 unus
811 998 851 1034 in
872 997 1030 1035 civitate
1051 998 1217 1036 maxime
1235 999 1350 1036 flore-

157 1058 229 1098 ret,
249 1053 387 1090 incidit
405 1052 448 1088 in
467 1052 627 1089 eandem
644 1051 832 1088 invidiam
851 1059 964 1099 quam
985 1057 1094 1100 pater
1116 1064 1209 1089 suus
1227 1058 1349 1090 ceter-

156 1106 247 1156 ique
267 1104 569 1143 Atheniensium
587 1105 797 1154 principes:
817 1117 907 1141 nam
925 1111 1112 1143 testarum
1141 1104 1347 1155 suffragiis,

156 1160 261 1209 quod
292 1160 351 1196 illi
384 1160 649 1196 ostracismum
681 1164 831 1199 vocant,
852 1159 982 1196 decem
1011 1171 1200 1196 annorum
1230 1159 1350 1197 exilio

156 1214 366 1251 mulctatus
386 1219 455 1251 est.
513 1211 636 1260 Cujus
664 1211 756 1249 facti
775 1212 937 1249 celerius
955 1211 1215 1250 Athenienses
1233 1225 1350 1261 quam

156 1267 284 1316 ipsum
304 1267 494 1316 poenituit
502 1281 511 1309 3
537 1278 640 1310 nam,
659 1278 777 1313 quum
803 1266 880 1310 ille,
901 1265 993 1302 forti
1018 1267 1159 1311 animo,
1178 1266 1350 1304 invidiae

156 1321 397 1370 ingratorum
426 1320 570 1357 civium
599 1320 786 1364 cessisset,
815 1319 1036 1368 bellumque
1053 1319 1349 1358 Lacedaemonii

157 1374 463 1412 Atheniensibus
482 1373 728 1418 indixissent,
749 1372 949 1410 confestim
971 1379 1084 1410 notae
1095 1373 1179 1422 ejus
1191 1373 1349 1411 virtutis
1369 1400 1382 1405 -

156 1428 389 1466 desiderium
398 1433 645 1464 consecutum
654 1433 722 1463 est.
757 1426 904 1475 Itaque,
916 1433 1000 1475 post
1015 1439 1158 1464 annum
1169 1427 1348 1476 quintum

155 1494 233 1530 quo
252 1481 437 1530 expulsus
457 1486 550 1526 erat,
566 1481 606 1516 in
622 1480 785 1529 patriam
801 1487 1003 1518 revocatus
1022 1486 1093 1518 est.
1148 1480 1232 1526 Ille,
1245 1481 1348 1530 quod

156 1535 325 1585 hospitio
352 1534 744 1572 Lacedaemoniorum
764 1535 958 1577 utebatur,
979 1534 1100 1572 satius
1119 1534 1347 1572 existimans

157 1601 221 1627 eos
246 1595 285 1626 et
317 1588 423 1626 cives
455 1601 542 1626 suos
575 1588 678 1624 inter
712 1599 752 1624 se
783 1585 860 1624 una
893 1588 1090 1625 voluntate
1116 1588 1344 1634 consentire,

155 1655 271 1692 quam
292 1642 408 1680 armis
427 1641 669 1686 contendere,
690 1641 1018 1678 Lacedaemonem
1046 1643 1116 1678 sua
1134 1647 1270 1690 sponte
1289 1648 1348 1679 est

156 1695 363 1745 profectus,
384 1707 592 1745 pacemque
610 1695 713 1731 inter
732 1694 827 1732 duas
855 1695 1140 1743 potentissimas
1168 1694 1346 1733 civitates

156 1750 389 1788 conciliavit.
447 1748 538 1787 Post
574 1760 699 1797 neque
732 1748 787 1785 ita
818 1748 952 1793 multo,
983 1748 1024 1785 in
1054 1747 1229 1797 Cyprum
1258 1761 1346 1786 cum

156 1804 332 1841 ducentis
350 1804 516 1841 navibus
535 1803 743 1851 imperator
761 1803 911 1847 missus,
926 1814 1046 1851 quum
1060 1801 1144 1849 ejus
1163 1800 1346 1849 majorem

155 1863 304 1906 partem
335 1857 485 1894 insulae
517 1856 733 1901 devicisset,
764 1856 805 1892 in
838 1856 1014 1893 morbum
1045 1855 1268 1905 implicitus,
1304 1856 1345 1893 in

155 1911 295 1960 oppido
317 1909 421 1948 Citio
440 1916 497 1947 est
517 1916 702 1947 mortuus.

334 2050 432 2089 CAP.
454 2050 528 2088 IV.
593 2049 758 2087 Cimonis
777 2062 925 2086 summa
946 2048 1171 2086 liberalitas.

152 2118 165 2122 “
209 2127 334 2164 Hunc
365 2125 636 2170 Athenienses,
667 2138 744 2162 non
773 2126 895 2163 solum
915 2125 955 2162 in
975 2125 1086 2171 bello,
1108 2126 1174 2163 sed
1193 2126 1234 2162 in
1253 2138 1346 2175 pace

153 2182 220 2218 diu
240 2180 567 2218 desideraverunt.
624 2179 718 2216 Fuit
731 2179 834 2216 enim
849 2177 957 2216 tanta.
969 2179 1209 2225 liberalitate,
1226 2192 1345 2228 quum

154 2234 416 2283 compluribus
447 2234 539 2271 locis
572 2233 728 2282 praedia
758 2233 964 2281 hortosque
992 2233 1162 2279 haberet,
1184 2239 1226 2270 ut
1245 2245 1342 2270 nun-

154 2301 270 2337 quam
305 2288 346 2324 in
380 2288 435 2325 eis
473 2287 669 2324 custodem
706 2287 934 2335 imposuerit
969 2286 1120 2325 fructus
1166 2286 1344 2325 servandi

154 2340 290 2390 gratia,
311 2354 358 2379 ne
374 2341 460 2391 quis
480 2341 730 2390 impediretur
750 2340 954 2389 quominus
966 2340 1050 2388 ejus
1062 2341 1189 2386 rebus,
1204 2340 1345 2388 quibus
