1496 2671
142 157 165 192 8
479 158 751 198 CORNELII
778 159 1024 201 NEPOTIS

141 264 211 303 riis
230 265 348 314 regiis
367 266 514 303 datum.
572 265 658 313 Quo
686 267 831 306 factum
851 274 920 314 est,
941 274 986 306 ut
1005 275 1044 308 et
1062 268 1165 308 Parii
1185 283 1208 309 a
1226 271 1336 309 dedi-

140 318 248 356 tione
266 320 564 365 deterrerentur,
578 327 618 358 et
637 321 847 368 Miltiades,
868 323 1008 361 timens
1019 336 1069 361 ne
1083 324 1214 362 classis
1227 326 1336 375 regia

141 372 380 418 adventaret,
401 373 568 412 incensis
588 375 769 423 operibus
787 388 886 424 quae
914 382 1113 423 statuerat,
1133 390 1222 416 cum
1242 379 1334 417 toti-

141 426 229 463 dem
248 427 415 464 navibus
434 433 550 476 atque
569 434 652 466 erat
670 428 877 477 profectus,
893 427 1069 468 Athenas
1087 434 1229 481 magna
1247 444 1336 470 cum

141 479 353 518 offensione
385 481 532 518 civium
565 494 722 519 suorum
759 483 918 520 rediret.
987 483 1207 523 Accusatus
1243 498 1339 536 ergo

138 533 381 580 proditionis,
413 536 526 583 quod,
560 548 682 584 quum
711 536 857 574 Parum
888 549 1114 587 expugnare
1144 544 1287 586 posset,
1313 551 1336 576 a

140 599 234 636 rege
267 594 484 637 corruptus,
515 589 672 627 infectis
703 591 831 635 rebus,
867 603 890 628 a
921 603 1053 640 pugna
1087 591 1336 630 discessisset.

140 640 201 678 Eo
220 646 392 690 tempore
411 655 526 692 aeger
545 649 627 681 erat
646 644 873 682 vulneribus
892 657 991 693 quae
1018 645 1060 681 in
1079 646 1339 695 oppugnando

140 694 282 744 oppido
302 702 513 746 acceperat.
570 696 720 747 Itaque,
741 698 924 746 quoniam
942 698 1026 747 ipse
1052 711 1122 748 pro
1151 711 1192 736 se
1210 699 1338 737 dicere

140 761 219 785 non
248 755 389 797 posset,
409 752 530 788 verba
560 763 630 799 pro
663 764 708 789 eo
737 751 829 789 fecit
858 750 980 789 frater
1001 751 1085 800 ejus
1117 752 1336 802 Tisagoras.

142 801 272 840 Causa
304 801 471 853 cognita,
504 805 642 854 capitis
679 805 888 849 absolutus,
926 806 1093 854 pecunia
1128 807 1340 844 mulctatus

141 861 215 893 est.
269 856 405 906 anue
436 859 485 895 lis
517 858 801 908 quinquaginta
831 859 988 897 talentis
1026 860 1228 898 aestimat-a
1263 865 1339 898 est:

140 914 309 958 quantus
327 911 370 948 in
388 911 548 949 classem
570 918 747 961 sumptus
774 912 901 951 faetus
929 921 1026 951 erat.
1081 911 1194 951 Hanc
1221 925 1338 963 pecu-

139 963 246 1001 niam
262 965 368 1013 quod
388 965 537 1003 solvere
555 978 634 1004 non
652 971 816 1015 poterat,
836 967 880 1003 in
898 966 1055 1016 Vincula
1073 967 1229 1017 publica
1248 979 1339 1005 con-

134 1016 264 1067 jectus
283 1024 358 1066 est,
377 1019 509 1068 ibique
524 1019 627 1058 diem
645 1021 742 1058 obiit
761 1033 996 1070 supremum.

143 1168 242 1208 CAP.
263 1170 384 1208 VIII.
423 1170 524 1210 Vera
550 1183 672 1208 causa
698 1171 962 1262 ᾱαῃῖῃαίίοηίε
993 1170 1190 1210 Miltiadis
1220 1177 1342 1209 metus

665 1237 772 1275 popu
792 1238 816 1263 z.
833 1271 844 1283 ·

195 1298 280 1335 HIC
298 1297 372 1336 etsi
391 1297 552 1336 crimine
572 1297 685 1336 Pario
705 1311 763 1337 est
791 1305 1003 1347 aecusatus
1023 1306 1154 1339 tamen
1172 1300 1248 1339 alia
1266 1300 1342 1338 fuit

141 1363 257 1390 causa
302 1352 570 1390 damnationis.
638 1352 818 1402 Namque
864 1353 1138 1400 Athenienses,
1185 1359 1345 1404 propter

141 1405 340 1443 Pisistrati
368 1406 617 1456 tyrannidem
650 1419 749 1456 quae
777 1407 911 1456 paucis
939 1408 1050 1446 annis
1079 1413 1168 1445 ante
1202 1407 1342 1453 fuerat,

141 1460 315 1497 omnium
356 1472 515 1497 suorum
559 1460 705 1498 civium
755 1461 970 1509 potentiam
1022 1462 1343 1500 extimescebam.

141 1510 351 1558 Miltiades,
373 1514 539 1550 multum
558 1514 599 1550 in
617 1514 791 1563 imperiis
818 1515 1186 1564 magistratibusque
1212 1527 1343 1553 versa-

142 1572 217 1612 tus,
234 1579 312 1604 non
324 1567 531 1605 videbatur
545 1580 657 1616 posse
677 1580 759 1606 esse
774 1568 961 1618 privatus,
977 1569 1204 1618 praesertim
1223 1580 1345 1617 quum

142 1621 421 1658 consuetudine
454 1621 503 1659 ad
533 1621 689 1671 imperii
720 1621 972 1671 cupiditatem
999 1622 1103 1660 trahi
1129 1621 1342 1659 videretur.

142 1674 248 1712 Nam
269 1673 501 1713 Chersonesi
520 1687 653 1713 omnes
671 1675 757 1713 illos
776 1687 871 1724 quos
894 1675 1089 1714 habitarat
1116 1687 1236 1713 annos
1254 1687 1343 1724 per-

142 1734 301 1777 petuam
333 1729 554 1767 obtinuerat
584 1729 896 1775 dominationem,
923 1735 1189 1780 tyrannusque
1215 1728 1344 1766 fuerat

144 1783 371 1831 appellatus,
392 1783 460 1820 sed
481 1782 624 1831 justus.
681 1782 775 1821 Non
803 1788 886 1820 erat
913 1783 1016 1821 enim
1043 1783 1085 1820 vi
1103 1787 1343 1827 consecutus,

144 1836 212 1873 sed
231 1849 390 1874 suorum
408 1836 619 1883 voluntate,
640 1848 801 1886 eamque
819 1841 1049 1885 potestatem
1061 1836 1235 1874 bonitate
1249 1835 1344 1873 reti-

143 1895 293 1927 nuerat.
354 1889 498 1928 Omnes
518 1897 648 1929 autem
667 1896 706 1928 et
719 1891 912 1927 habentur
924 1895 962 1928 et
975 1890 1158 1928 dicuntur
1171 1889 1343 1939 tyranni,

146 1943 214 1991 qui
233 1948 422 1991 potestate
442 1950 531 1981 sunt
550 1942 737 1994 perpetua
751 1944 792 1981 in
807 1941 853 1982 ea
868 1944 1038 1990 civitate,
1055 1955 1153 1993 quae
1164 1943 1348 1980 libertate

145 2009 216 2034 usa
235 2002 305 2034 est.
366 1997 441 2034 Sed
460 1997 501 2033 in
521 1996 698 2035 Miltiade
717 2003 800 2036 erat
827 2010 916 2035 cum
941 2010 1090 2035 summa
1109 1996 1344 2041 humanitas,

145 2055 231 2086 tum
250 2050 348 2087 mira
368 2051 539 2096 comitas,
561 2057 604 2088 ut
631 2064 745 2089 nemo
772 2057 852 2089 tam
874 2051 1032 2089 humilis
1052 2055 1164 2096 esset,
1184 2050 1247 2088 cui
1267 2061 1346 2087 non

147 2104 195 2140 ad
214 2115 303 2140 eum
331 2104 457 2141 aditus
486 2109 649 2153 pateret:
678 2117 819 2154 magna
846 2104 1054 2142 auctoritas
1082 2104 1186 2154 apud
1213 2115 1347 2141 omnes

147 2157 336 2203 civitates,
375 2158 505 2195 nobile
541 2170 692 2204 nomen,
731 2159 814 2195 laus
851 2159 909 2195 rei
945 2158 1125 2195 militaris
1162 2157 1342 2195 maxima.

148 2209 255 2248 Haec
284 2211 447 2260 populus
466 2211 689 2260 respiciens,
708 2212 844 2248 maluit
864 2224 952 2249 eum
979 2212 1184 2250 innoxium
1212 2209 1342 2261 plecti,

147 2277 263 2315 quam
283 2277 324 2302 se
343 2265 489 2302 dlutius
508 2277 590 2303 esse
609 2266 650 2302 in
670 2265 823 2302 timore²
