1496 2671
561 185 607 222 T.
639 185 683 222 P.
714 184 887 224 ATTIC
896 183 976 224 US.
1316 183 1365 223 57

175 293 275 331 CAP.
297 292 419 330 XIII.
478 292 630 329 Atticus
647 291 936 342 paterfamilias
955 291 1118 340 eleqans,
1141 303 1217 327 non
1237 303 1367 341 sump-

697 352 838 382 tecosus.

225 430 377 475 NEQUE
397 443 490 469 vero
509 431 637 468 minus
656 431 722 468 ille
735 431 806 475 vir,
821 432 945 468 bonus
961 429 1236 479 paterfamilias
1257 429 1366 466 habi-

171 491 234 522 tus
271 491 340 529 est,
379 497 494 533 quam
531 486 640 522 civis.
698 485 802 522 Nam
835 496 955 533 quum
990 489 1090 521 esset
1120 483 1363 532 pecuniosus,

170 551 283 576 nemo
302 538 369 575 illo
388 539 516 576 minus
535 539 610 575 fuit
633 551 758 584 emax,
781 539 907 575 minus
936 537 1169 574 aedificator.
1226 536 1367 585 Neque

170 598 299 629 tamen
332 605 409 629 non
439 592 629 641 imprimis
649 593 746 629 bene
766 592 970 635 habitavit,
991 591 1247 639 omnibusque
1267 590 1367 638 opti-

170 645 244 682 mis
262 646 378 682 rebus
396 658 488 683 usus
508 652 589 689 est3
609 659 697 683 nam
718 646 873 682 domum
893 645 1029 682 habuit
1049 644 1089 680 in
1110 644 1206 681 colle
1235 642 1367 689 Quiri-

169 699 248 736 nali
279 699 585 747 Tamphilanam,
613 701 661 737 ab
689 699 882 736 avunculo
914 698 1152 735 haereditate
1180 697 1366 741 relictam,

169 751 280 800 cujus
313 753 524 790 amoenitas
552 766 627 790 non
649 753 834 798 aedificio,
858 752 924 789 sed
949 749 1048 788 silva
1070 752 1289 794 constabat3
1308 751 1368 799 ip-

170 817 254 842 sum
294 806 397 843 enim
425 812 582 852 tectum,
612 807 828 856 antiquitus
857 802 1112 844 constitutum
1150 805 1239 853 plus
1277 804 1367 841 salis

169 872 283 907 quam
306 863 481 909 sumptus
501 861 684 904 habebat3
712 862 753 896 in
780 873 856 909 quo
882 859 980 896 nihil
1008 857 1271 902 commutavit,
1294 857 1369 894 nisi

171 914 202 950 si
240 914 334 961 quid
371 920 565 952 vetustate
603 920 758 951 coactus
795 919 865 951 est.
923 913 1030 951 Usus
1059 919 1118 949 est
1146 908 1304 955 familia,
1337 911 1368 947 si

170 967 339 1004 utilitate
366 966 621 1015 judicandum
641 974 709 1013 est,
731 964 900 1017 optima;
931 966 963 1004 si
991 963 1125 1010 forma,
1154 966 1225 1002 vix
1247 965 1369 1001 medi·

171 1021 249 1057 ocri
269 1034 278 1057 ε
312 1032 476 1069 namque
495 1022 537 1058 in
557 1019 602 1059 ea
621 1027 732 1058 erant
751 1021 861 1070 pueri
890 1019 1156 1063 literatissimi,
1178 1030 1369 1067 anagnos-

170 1079 233 1110 tae
253 1074 400 1123 optimi,
419 1081 457 1111 et
477 1075 633 1123 plurimi
653 1074 816 1119 librarii,
832 1079 875 1110 ut
894 1086 943 1111 ne
963 1073 1196 1122 pedisequus
1213 1072 1370 1121 quidem

170 1127 374 1175 quisquam
411 1135 522 1173 esset,
563 1128 628 1176 qui
665 1141 743 1165 non
783 1135 990 1176 utrumque
1026 1127 1166 1163 horum
1207 1125 1370 1174 pulchre

169 1181 297 1218 facere
325 1187 468 1229 posset.
525 1181 616 1218 Pari
645 1182 757 1218 modo
786 1181 954 1218 artifices
974 1180 1105 1224 ceteri,
1126 1192 1222 1228 quos
1242 1179 1369 1216 cultus

171 1234 404 1272 domesticus
440 1234 647 1280 desiderat,
685 1234 859 1284 apprime
897 1234 1001 1271 boni.
1072 1229 1211 1282 Neque
1240 1238 1370 1270 tamen

169 1288 309 1324 horum
348 1300 589 1337 quemquam,
629 1288 707 1326 nisi
745 1288 849 1325 domi
886 1293 1033 1332 natum,
1074 1287 1252 1335 domique
1289 1285 1370 1323 fac-

170 1346 266 1386 tum,
302 1341 464 1378 habuit:
499 1342 598 1390 quod
629 1348 687 1379 est
716 1341 871 1390 signum
902 1353 980 1378 non
1013 1340 1137 1378 solum
1169 1339 1371 1377 continen-

171 1396 260 1439 tiae,
281 1395 349 1432 sed
366 1395 483 1433 etiam
502 1395 752 1444 diligentiae3
781 1408 870 1432 nam
897 1400 936 1431 et
961 1407 1038 1431 non
1066 1394 1371 1442 intemperanter

171 1448 442 1497 concupiscere
469 1449 571 1498 quod
591 1462 613 1486 a
632 1449 808 1497 pluribus
837 1448 981 1492 videas,
1003 1447 1236 1484 continentis
1256 1447 1372 1484 debet

171 1502 285 1546 duci3
322 1507 361 1540 et
394 1502 523 1551 potius
555 1500 769 1551 diligentia,
799 1514 914 1550 quam
948 1501 1073 1550 pretio
1109 1513 1257 1549 parare,
1292 1512 1370 1537 non

171 1556 378 1594 mediocris
412 1562 470 1594 est
508 1555 731 1593 industriae.
789 1555 971 1605 Elegans,
1002 1567 1079 1592 non
1116 1554 1370 1603 magnificus;

172 1609 406 1657 splendidus,
437 1622 514 1646 non
543 1617 814 1658 sumptuosus3
851 1609 956 1646 omni
989 1605 1192 1657 diligentia
1216 1608 1370 1644 mundi-

170 1663 276 1709 tiam,
316 1675 393 1699 non
431 1662 665 1699 affluentiam
704 1662 922 1700 affectabat.
981 1661 1167 1709 Supellex
1209 1662 1369 1706 modica,

170 1728 249 1753 non
268 1716 401 1761 multa,
417 1722 460 1753 ut
474 1716 516 1752 in
537 1722 713 1753 neutram
735 1722 884 1765 partem
897 1716 1067 1764 conspici
1086 1720 1231 1764 posset.
1288 1714 1371 1752 Nec

171 1770 245 1807 hoc
281 1770 501 1819 praeteribo
533 1769 785 1820 (quamquam
813 1769 1011 1807 nonnullis
1044 1769 1131 1806 leve
1160 1768 1290 1806 visum
1320 1768 1371 1804 iri

171 1822 324 1873 putem)
344 1836 464 1872 quum
483 1823 524 1859 in
544 1823 679 1872 primis
698 1823 828 1861 lautus
847 1829 948 1861 esset
968 1835 1085 1872 eques
1105 1822 1315 1866 Romanus,
1331 1828 1370 1859 et

171 1890 249 1914 non
278 1889 416 1925 parum
443 1877 657 1914 liberaliter
685 1877 841 1914 domum
869 1889 977 1915 suam
998 1875 1169 1913 omnium
1190 1875 1371 1912 ordinum

171 1931 346 1968 homines
382 1931 579 1975 invitaret,
611 1931 753 1968 scimus
789 1943 866 1968 non
900 1930 1075 1979 ampliuS,
1105 1941 1222 1976 quam
1258 1934 1370 1966 terna

173 1984 295 2022 millia
313 1984 425 2030 aeris,
446 1996 637 2033 peraeque
656 1985 696 2020 in
719 1984 892 2033 singulos
926 1995 1086 2027 menses,
1108 1995 1159 2019 ex
1189 1983 1369 2032 epheme-

173 2037 257 2074 ride
294 2050 383 2074 eum
415 2050 630 2086 expensum
667 2038 839 2087 sumptui
872 2037 972 2074 ferre
1002 2037 1174 2075 solitum.
1233 2037 1368 2083 Atque

174 2090 247 2127 hoc
282 2103 360 2127 non
388 2092 572 2136 auditum,
602 2091 669 2128 sed
697 2091 896 2140 cognitum
924 2091 1217 2140 praedicamus;
1257 2101 1370 2138 saepe

174 2143 289 2188 enim,
324 2151 480 2193 propter
509 2145 824 2190 familiaritatem,
854 2144 1074 2182 domesticis
1101 2144 1217 2182 rebus
1245 2143 1366 2180 inte1·‹²

175 2196 330 2235 fuimus.
