1496 2671
373 123 575 162 LAELIUS
604 123 677 161 DE
705 123 966 162 AMICITIA.
1200 124 1247 161 21

89 240 162 271 tem
189 231 337 278 stultius,
357 242 481 284 quam,
502 243 614 280 quum
638 231 831 280 plurimum
861 231 986 280 copiis,
1008 228 1250 276 facultatibus,

89 286 218 335 opibus
253 284 398 334 possint,
437 291 554 321 cetera
592 296 728 333 parare,
759 297 838 333 quae
875 289 1046 334 parantur
1081 286 1249 334 pecunia,

86 352 211 388 equos,
231 338 396 384 famulos,
417 344 553 374 vestem
581 338 770 385 egregiam,
794 351 880 374 vasa
900 338 1054 386 pretiosa
1073 349 1082 374 :
1111 338 1248 377 amicos

87 405 159 430 non
177 402 312 441 parare,
332 392 504 440 optimam
524 397 559 427 et
577 390 856 441 pulcherrimam
877 392 973 438 vitae,
990 396 1028 426 ut
1046 391 1096 428 ita
1113 391 1248 437 dicam,

60 472 67 481 ,
84 444 340 495 supellectilem
359 445 378 482 Ῥ
435 444 580 481 Etenim
602 451 719 481 cetera
739 457 853 494 quum
872 449 1011 493 parant,
1032 446 1092 481 cui
1111 451 1248 494 parent,

84 499 261 543 nesciunt,
278 510 345 535 nec
372 499 479 548 cujus
507 510 617 535 causa
635 497 794 534 laborent
809 497 952 546 2-ejus
971 505 1024 534 est
1042 499 1138 535 enim
1158 499 1247 536 isto-

80 563 160 588 rum
179 551 348 600 quidque,
370 555 431 602 qui
451 552 564 589 vincit
590 552 723 589 viribus
738 552 1044 589 t-amicitiarum
1072 564 1137 588 sua
1166 553 1244 589 cui-

81 617 152 654 que
179 612 366 654 permanet
401 606 536 643 stabilis
563 611 598 643 et
625 612 722 642 certa
748 605 954 653 possessio:
992 610 1041 651 ut,
1071 607 1178 642 etiam
1215 607 1245 642 si

79 657 138 694 illa
166 666 346 704 maneant,
369 673 450 709 quae
479 666 563 695 sunt
590 659 694 708 quasi
719 658 814 695 dona
841 658 1004 704 sortunae,
1034 665 1152 695 tamen
1174 660 1246 695 vita

80 712 217 748 inculta
257 719 292 748 et
319 713 456 750 deserta
485 713 529 749 ab
559 713 687 749 amicis
716 724 786 749 non
813 713 926 761 possit
959 724 1035 749 esse
1068 711 1246 760 jucunda.

84 764 154 802 Secl
175 764 256 803 haec
275 765 464 803 hactenus.

134 817 240 856 XVI.
272 818 334 856 56.
364 819 612 857 Constituendi
642 825 722 856 sunt
749 824 883 865 autem,
911 819 968 868 qui
998 819 1067 855 sint
1094 819 1128 854 in
1159 821 1249 855 ami-

83 871 166 909 citia
202 872 292 909 fines
326 879 362 910 et
398 874 497 923 quasi
531 874 670 910 termini
709 872 883 921 diligendi.
940 872 997 909 De
1025 873 1154 922 quihus
1181 879 1249 909 tres

84 925 189 962 video
206 928 398 965 sententias
417 927 494 964 ferri
517 940 526 974 3
556 940 707 976 quarum
738 927 871 963 nullam
901 927 1012 975 probo
1031 939 1039 963 :
1069 938 1193 971 unam,
1213 935 1250 962 ut

82 979 211 1017 eodem
234 979 340 1016 modo
357 993 436 1029 erga
459 981 596 1017 amicos
615 981 729 1017 affecti
760 980 885 1026 simus,
905 993 975 1028 quo
993 992 1073 1028 erga
1094 987 1248 1016 nosmet-

84 1033 206 1082 ipsos3
227 1029 396 1080 ‘alten-am,
417 1041 454 1071 ut
474 1041 592 1071 nostra
610 1035 644 1070 in
666 1034 802 1070 amicos
831 1033 1080 1070 benevolentia
1109 1033 1248 1070 illorum

83 1097 171 1135 erga
200 1099 264 1123 nos
296 1087 550 1125 benevolentiae
578 1088 707 1137 pariter
733 1087 981 1136 aequaliterque
1008 1086 1248 1135 respondeat:

84 1141 234 1186 tertiam,
252 1147 300 1185 ut,
315 1142 434 1189 quanti
453 1142 601 1190 quisque
619 1153 656 1177 se
672 1142 746 1190 ipse
762 1140 956 1186 facitnami
973 1140 1036 1177 fiat
1049 1141 1094 1176 ab
1109 1140 1250 1177 amicis.

86 1192 228 1230 Harum
249 1195 352 1230 trium
373 1195 627 1232 sententiarum
656 1195 739 1230 nulli
769 1207 912 1243 prorsus
931 1195 1113 1231 assentior.
1167 1193 1248 1231 Nec

82 1248 178 1283 enim
199 1248 255 1284 illa
270 1249 396 1297 prima
411 1260 495 1284 vera
514 1255 579 1294 est,
594 1254 642 1292 ut,
659 1247 963 1296 quemadmodum
986 1250 1019 1284 in
1036 1260 1073 1284 se
1090 1249 1250 1297 quisque,

82 1300 134 1336 sic
163 1301 196 1336 in
226 1301 384 1337 amicum
414 1303 457 1338 sit
484 1302 677 1338 animatu&
735 1301 798 1337 57.
832 1301 956 1346 Quam
995 1302 1104 1338 multa
1139 1303 1249 1347 enim,

83 1367 164 1402 quae
192 1360 308 1390 nostra
336 1367 447 1391 causa
476 1367 661 1404 nunquam
699 1353 912 1401 faceremus,
950 1354 1104 1392 facimus
1138 1367 1247 1392 causa

25 1450 28 1453 v
85 1407 317 1444 amicorum?
344 1410 479 1456 precari
499 1409 544 1445 ab
564 1407 718 1456 indigno,
740 1409 942 1458 supplicare
960 1422 968 1456 3
989 1414 1064 1445 tum
1087 1409 1250 1445 acerbius

85 1461 122 1496 in
157 1461 314 1510 aliquem
352 1461 487 1508 invehi,
525 1462 760 1511 insectarique
789 1461 1035 1509 vehementius
1055 1474 1063 1498 :
1102 1475 1182 1511 quae
1211 1463 1246 1498 in

85 1515 209 1551 nostris
228 1515 332 1551 rebus
350 1527 419 1551 non
440 1515 524 1552 satis
542 1515 702 1561 honeste,
721 1515 755 1550 in
785 1516 985 1552 amicorum
1012 1516 1102 1553 fiunt
1121 1516 1250 1552 hones-

84 1567 244 1605 tissime:
273 1569 463 1618 multaeque
482 1581 536 1606 res
555 1576 648 1614 sunt,
676 1570 710 1605 in
731 1569 858 1617 quibus
887 1569 930 1605 de
959 1570 1031 1606 suis
1051 1569 1250 1606 commodis

86 1622 147 1657 viri
169 1622 252 1658 boni
273 1623 383 1659 multa
403 1622 593 1659 detrahunt
604 1622 810 1671 detrahique
830 1624 1020 1671 patiuntur,
1034 1630 1071 1660 ut
1085 1624 1128 1660 iis
1141 1624 1247 1659 amici

82 1676 211 1724 potius,
228 1688 336 1725 quam
357 1677 436 1726 ipsi,
452 1676 623 1713 fruantur.
672 1676 733 1712 58.
753 1677 882 1715 Altera
901 1678 1074 1713 sententia
1089 1683 1153 1723 est,
1169 1675 1249 1725 qu'ae

83 1729 207 1765 definit
234 1730 428 1767 amicitiam
457 1731 600 1779 paribus
627 1730 753 1767 officiis
783 1742 827 1766 ac
855 1731 1109 1768 voluntatibus.
1165 1730 1248 1767 Hoc

84 1782 228 1832 quidem
257 1789 310 1820 est
331 1784 475 1835 [nimis]
496 1785 624 1831 exigue
652 1789 686 1820 et
713 1784 854 1820 exiliter
878 1784 922 1821 ad
943 1784 1101 1821 calculos
1121 1796 1249 1820 vocare

84 1837 293 1882 amicitiam,
309 1845 348 1874 ut
366 1851 430 1887 par
444 1840 487 1875 sit
505 1838 592 1874 ratio
607 1843 835 1887 acceptorum
853 1844 888 1875 et
906 1837 1080 1876 datorum.
1135 1836 1249 1875 Ditior

86 1889 171 1927 mihi
190 1896 227 1927 et
243 1891 440 1928 affluentior
459 1891 597 1928 videtur
614 1903 693 1928 esse
713 1903 799 1928 vera
819 1892 975 1928 amicitia
996 1903 1004 1928 :
1033 1903 1101 1928 nec
1129 1892 1249 1928 obser-

83 1955 167 1979 vare
189 1945 356 1990 restricte,
386 1957 431 1982 ne
461 1946 543 1995 plus
570 1944 703 1990 reddat,
734 1957 843 1993 quam
872 1946 1065 1994 acceperit.
1120 1944 1249 1994 Neque

83 1998 178 2034 enim
198 1997 394 2035 verendum
413 2006 478 2045 est,
495 2011 540 2036 ne
561 1998 641 2048 quid
661 1998 820 2045 excidat,
837 2005 898 2035 aut
912 2011 956 2035 ne
972 1998 1055 2048 quid
1069 1999 1104 2034 in
1120 2005 1248 2035 terram

84 2050 230 2095 defluat,
250 2057 310 2087 aut
329 2063 373 2087 ne
392 2054 470 2101 plus
488 2065 591 2101 aequo
614 2051 736 2103 [quid]
758 2053 792 2088 in
813 2052 1009 2089 amicitiam
1030 2058 1248 2100 congeratur.

85 2104 147 2140 59.
180 2103 325 2142 Tertius
342 2117 426 2142 vero
450 2107 507 2142 ille
535 2106 616 2142 finis
643 2105 860 2152 deterrimus,
883 2112 932 2152 ut,
952 2105 1075 2155 quanti
1101 2107 1250 2155 quisque

86 2168 132 2195 se.
143 2158 218 2206 ipse
237 2159 357 2204 iaciat,
376 2160 462 2195 tanti
492 2160 555 2196 fiat
583 2159 628 2196 ab
656 2160 793 2198 amicis.
850 2159 955 2209 Saepe
983 2160 1079 2196 enim
1110 2163 1143 2195 in
1173 2160 1251 2209 qui-

88 2210 236 2248 busdam
261 2217 322 2248 aut
340 2212 482 2249 animus
506 2212 677 2260 abjectior
704 2220 767 2260 est,
788 2220 849 2250 aut
875 2225 957 2262 spes
984 2212 1249 2262 amplificandae

86 2265 234 2302 sortunae
261 2263 417 2301 fractior.
472 2265 556 2302 Non
592 2271 645 2302 est
671 2266 772 2315 igitur
803 2267 923 2312 amici,
952 2268 1060 2304 talem
1096 2278 1174 2303 esse
1212 2268 1246 2302 in

84 2330 182 2364 eum,
202 2318 316 2367 qualis
334 2318 391 2355 ille
410 2319 445 2354 in
466 2330 504 2355 se
524 2324 601 2357 est:
631 2319 694 2355 sed
721 2321 839 2369 potius
866 2320 951 2357 eniti
978 2327 1014 2357 et
1040 2320 1192 2365 efficere,
1213 2326 1250 2355 ut

85 2372 190 2410 amici
208 2369 392 2421 jacentem
413 2372 575 2410 animum
595 2372 738 2422 excitet,
760 2373 976 2423 inducatque
995 2385 1096 2424 spem
1119 2373 1250 2421 cogita-
