1496 2671
221 158 272 196 70
513 158 705 204 QUINTI
735 158 923 196 CURTII
953 158 1083 197 RUFI

222 270 318 312 sent,
334 265 501 315 rapinum
523 271 561 304 et
575 266 768 316 adgregati
783 280 932 305 suorum
950 267 1135 317 equitibus
1150 266 1386 312 Macedonas,

222 320 375 369 ancipiti
403 320 674 357 circumventos
700 321 808 366 malo,
836 321 1049 383 invadunt3
1091 321 1251 369 laetique
1291 321 1388 359 circa

223 374 306 422 Sisy
307 374 483 422 gambim,
513 373 644 411 vicisse
672 373 841 420 Darium,
870 361 1018 424 ingentl
1047 375 1159 412 caede
1185 378 1389 424 prostratos

222 428 358 472 hostes,
387 427 436 464 ad
463 427 635 465 ultimum
671 428 782 465 etiam
820 429 1094 478 impedimentis
1131 433 1262 466 exutos
1297 440 1387 474 esse,

223 481 427 525 nunciant3
457 481 593 530 quippe
612 482 766 518 eandem
785 482 973 520 fortunam
993 483 1130 531 ubique
1157 495 1236 520 esse
1262 482 1388 520 crede-

223 536 324 586 bant,
346 540 383 572 et
403 535 561 573 victores
580 534 711 572 Persas
730 536 777 572 ad
804 536 980 584 praedam
1007 536 1233 574 discurrisse.
1288 535 1388 585 Sisy-

223 588 379 636 gambis,
400 588 637 626 hortantibus
657 589 810 638 captivis
825 594 868 627 ut
886 590 1050 626 animum
1069 603 1091 627 a
1108 602 1275 628 moerore
1288 589 1390 627 adle-

225 647 337 687 varet,
358 642 398 678 in
417 643 558 688 eodem,
580 655 653 692 quo
673 648 783 680 antea
808 643 891 688 fuit,
910 644 1158 692 perseveravit
1177 657 1186 681 ε
1217 655 1293 680 non
1319 655 1392 679 vox

224 696 298 733 ulla
325 697 464 734 excidit
491 696 524 733 ei
544 709 553 740 ;
582 708 659 733 non
688 697 760 733 oris
787 696 899 742 color,
929 697 1101 735 vultusve
1127 701 1292 735 mutatus
1310 701 1391 739 est3

224 750 319 788 sedit
337 750 548 795 immobilis,
568 749 705 801 (credo,
723 763 899 799 praecoce
916 751 1054 798 gaudio
1072 751 1190 789 verita
1206 751 1393 788 fortunam

223 803 396 854 i1ritare,)
419 804 512 841 adeo
531 809 584 849 ut,
606 804 694 851 quid
715 804 851 849 mallet,
879 804 1110 842 intuentibus
1137 805 1249 843 fuerit
1275 805 1392 842 incer-

224 864 317 895 tum.

277 911 401 948 LVII.
434 911 534 950 Inter
553 911 641 948 haec
662 910 844 956 Menidas,
865 912 1073 960 praefectus
1092 912 1256 960 equitum
1279 911 1393 948 Alex-

226 965 343 1009 andri,
374 977 458 1001 cum
495 966 622 1014 paucis
649 966 783 1002 turmis
811 977 919 1014 opem
947 965 1227 1015 impedimentis
1254 965 1397 1002 laturus

225 1019 456 1062 advenerat;
486 1019 668 1057 incertum
698 1031 814 1055 suone
841 1019 1006 1064 consilio,
1027 1032 1076 1057 an
1102 1020 1200 1068 regis
1227 1017 1394 1071 imperio.

228 1072 303 1109 Sed
322 1085 398 1109 non
418 1073 594 1111 sustinuit
615 1071 859 1110 Cadusiorum
876 1073 1173 1122 Scytharumque
1191 1073 1394 1122 impetum:

227 1126 364 1175 quippe
383 1126 446 1162 vix
466 1132 612 1165 tentato
631 1127 832 1164 certamine
850 1127 988 1176 refugit
1015 1128 1064 1164 ad
1090 1139 1227 1176 regem,
1249 1126 1398 1164 amisso-

227 1193 308 1216 rum
328 1180 679 1229 impedimentorum
705 1181 810 1218 testis
829 1181 957 1229 magis,
978 1193 1089 1230 quam
1108 1181 1258 1218 vindex.
1312 1180 1399 1217 Jam

227 1234 421 1270 consilium
442 1235 651 1272 Alexandri
671 1235 777 1272 dolor
796 1234 935 1272 vicerat
955 1248 964 1278 3
994 1239 1042 1280 et,
1063 1248 1111 1272 ne
1130 1247 1219 1272 cura
1244 1245 1397 1283 recupe-

228 1288 336 1324 randi
355 1301 421 1325 sua
442 1289 596 1327 militem
616 1302 637 1325 a
655 1288 794 1338 praelio
813 1294 1008 1333 averteret,
1029 1301 1106 1325 non
1124 1288 1310 1325 immerito
1336 1299 1399 1323 ve-

229 1342 391 1379 rebatur.
448 1342 580 1391 Itaque
616 1342 770 1387 Areten,
801 1342 933 1378 ducem
971 1342 1203 1380 hastatorum
1233 1339 1400 1390 (sm-isso-

222 1395 358 1445 phorm
385 1395 600 1443 vocabant),
622 1396 798 1433 adversus
819 1396 975 1445 Scythas
1003 1396 1135 1434 mittit.
1191 1394 1295 1432 Inter
1311 1393 1402 1431 haee

230 1461 370 1495 currus,
401 1450 465 1499 qui
492 1451 588 1487 circa
625 1449 742 1498 prima
783 1449 889 1497 signa
929 1450 1170 1487 turbaverant
1207 1448 1334 1493 aciem,
1362 1447 1402 1484 in

229 1502 451 1552 phalangem
470 1504 607 1540 invecti
622 1508 738 1540 erant.
797 1503 1019 1540 Macedones
1034 1502 1259 1540 confirmatis
1271 1500 1402 1540 animis

229 1557 268 1593 in
296 1557 458 1594 medium
478 1570 611 1606 agmen
639 1556 838 1606 accipiunt.
895 1556 1005 1594 Vallo
1024 1557 1152 1594 similis
1171 1556 1267 1594 acies
1294 1559 1399 1593 erat:

224 1610 430 1658 junxerant
448 1611 572 1649 hastas
588 1624 597 1654 ;
623 1617 660 1649 et
679 1612 726 1648 ab
746 1614 903 1659 utroque
921 1611 1038 1648 latere
1056 1616 1194 1648 temere
1210 1610 1402 1647 incurren-

232 1665 325 1701 tium
346 1665 410 1702 ilia
429 1665 692 1703 subfodiebant
708 1678 715 1708 ;
738 1664 930 1702 circumire
949 1664 1084 1701 deinde
1103 1677 1244 1709 currus,
1262 1668 1300 1701 et
1317 1675 1402 1713 pro-

232 1724 458 1767 pugnatores
473 1719 716 1769 praecipitare
735 1723 948 1766 coeperunt.
1006 1718 1144 1767 Ingens
1162 1718 1271 1755 ruina
1289 1728 1400 1766 equo-

233 1784 315 1808 rum
347 1774 632 1823 aurigarumque
660 1773 774 1810 aciem
803 1771 1075 1820 compleverat:
1104 1772 1144 1808 hi
1170 1770 1317 1809 territos
1344 1782 1402 1807 re-

234 1838 320 1874 gere
339 1840 415 1864 non
434 1833 608 1877 poterant
624 1841 631 1864 :
662 1827 749 1876 equi
767 1825 894 1863 crebra
906 1825 1111 1873 jactatione
1129 1825 1312 1863 cervicum
1326 1836 1403 1861 non

227 1880 361 1928 jugum
384 1882 494 1919 modo
513 1885 760 1925 excusserant,
783 1879 848 1917 sed
872 1879 983 1917 etiam
1010 1892 1140 1917 currus
1167 1882 1402 1921 everterant3

235 1935 420 1972 vulnerati
454 1935 668 1974 interfectos
696 1934 922 1973 trahebant:
962 1946 1030 1971 nec
1058 1932 1257 1971 consistere
1283 1931 1405 1969 territi

235 2001 302 2026 nec
331 1990 504 2038 progredi
531 1989 670 2027 debiles
698 1991 885 2039 poterant.
940 1986 1085 2025 Paucae
1110 1992 1235 2025 tamen
1257 1997 1406 2023 evasere

236 2042 438 2092 quadrigae
455 2044 494 2080 in
512 2043 680 2081 ultimam
711 2043 837 2087 aciem,
858 2041 913 2085 iis,
933 2041 1066 2089 quibus
1092 2040 1317 2078 inciderunt.
1337 2039 1405 2076 mi-

235 2097 383 2134 serabili
419 2103 539 2135 morte
570 2097 827 2145 consumptis:
858 2094 993 2144 quippe
1020 2099 1212 2144 amputata
1239 2093 1404 2130 virorum

235 2151 403 2189 membra
420 2150 525 2188 humi
537 2151 741 2201 jacebant3
772 2154 810 2188 et
836 2148 922 2196 quia
948 2148 1076 2186 calidis
1103 2148 1224 2185 adhuc
1243 2146 1405 2184 vulneri-

236 2207 305 2243 bus
333 2204 461 2242 aberat
489 2205 606 2250 dolor,
636 2204 758 2242 trunci
785 2213 932 2252 quoque
959 2209 997 2241 et
1024 2202 1164 2240 debiles
1190 2213 1293 2239 arma
1327 2212 1404 2238 non

237 2258 490 2302 omittebant;
529 2259 659 2304 donec,
690 2258 810 2296 multo
837 2256 1020 2305 sanguine
1048 2256 1175 2302 effuso,
1204 2253 1405 2293 exanimati

237 2313 536 2363 procumberent.

291 2365 440 2404 LVIII.
471 2366 626 2405 Interim
646 2365 791 2410 Aretes,
809 2364 1045 2413 Scytharum,
1062 2363 1125 2413 qui
1139 2361 1402 2411 impedimenta

238 2421 471 2471 diripiebant,
503 2421 597 2459 duce
625 2419 756 2465 occiso,
777 2418 920 2467 gravius
947 2418 1087 2458 territis
1104 2416 1276 2455 instabat.
1333 2413 1403 2451 Su-
