1496 2671
199 174 251 212 62
536 174 580 212 C.
611 174 765 213 JULII
795 174 1055 215 CAESARIS

199 281 254 318 ibi
275 294 335 318 res
356 282 618 330 cognoverint,
641 283 894 330 pronunciare
914 289 1067 332 cogant.
1126 283 1200 321 His
1227 282 1392 322 rumori-

199 336 272 372 bus
291 341 406 383 atque
425 335 686 372 auditionibus
706 337 883 385 permoti,
903 338 949 374 de
968 337 1128 375 summis
1147 348 1248 386 saepe
1277 339 1394 375 rebus

199 389 358 426 consilia
377 389 526 434 ineunt,
546 401 709 436 quorum
729 403 792 427 eos
813 403 833 427 e
852 392 1016 439 vestigio
1036 391 1219 440 paenitere
1239 403 1394 429 necesse

199 449 269 486 est,
289 455 408 490 quum
428 443 586 479 incertis
614 444 834 480 rumoribus
866 445 1037 482 serviant
1070 452 1108 482 et
1140 444 1312 494 plerique
1345 445 1394 482 ad

201 496 437 532 voluntatem
459 509 591 533 eorum
611 497 700 533 ficta
718 498 985 546 respondeant.

254 549 326 585 VI.
361 547 448 595 Qua
471 551 748 587 consuetudine
781 551 946 599 cognita,
969 550 1108 596 Caesar,
1144 564 1193 589 ne
1222 551 1393 600 graviori

199 603 299 639 bello
319 610 548 647 occurreret,
570 604 759 640 maturius
778 617 893 652 quam
913 611 1116 642 consuerat
1144 606 1193 642 ad
1221 605 1392 642 excerci-

199 664 280 692 tum
294 657 565 705 proficiscitur.
623 656 680 693 Eo
694 670 813 705 quum
830 657 1036 702 venissent,
1050 671 1094 695 ea
1106 669 1190 706 quae
1210 657 1293 696 fore
1308 671 1391 695 sus-

197 710 346 758 picatus
359 718 452 755 erat,
463 710 564 747 facta
573 711 765 758 cognovit,
775 710 1128 760 missaslegationes
1137 713 1184 748 ab
1200 712 1394 748 nonnullis

197 763 421 800 civitatibus
440 764 488 801 ad
509 762 725 801 Germanos
744 764 1005 813 invitatosque
1024 777 1099 810 eos,
1122 766 1178 801 uti
1195 766 1242 802 ab
1256 765 1395 802 Rheno

198 817 438 854 discederent
456 832 465 861 3
506 817 710 865 omniaque
742 829 827 865 quae
864 819 1135 866 postulassent,
1157 819 1205 855 ab
1236 831 1276 855 se
1309 818 1392 856 fore

197 878 344 919 parata.
403 869 490 916 Qua
523 883 589 919 spe
623 871 778 907 adducti
809 869 997 908 Germani
1025 872 1141 909 latius
1161 871 1244 920 jam
1275 885 1392 921 vaga-

198 925 340 961 bantur
358 931 397 961 et
415 925 456 960 in
476 924 572 960 fines
593 925 821 961 Eburonum
840 935 879 961 et
900 923 1202 969 Condrusorum,
1220 925 1392 974 quisunt

198 977 450 1014 Trevirorum
485 978 654 1022 clientes,
690 985 959 1026 pervenerant.
1017 979 1266 1028 Principibus
1299 977 1392 1016 Gal-

196 1031 257 1066 liae
286 1032 458 1068 evocatis
488 1031 617 1069 Caesar
643 1044 698 1076 ea,
729 1045 813 1080 quae
842 1039 1087 1081 cognoverat,
1117 1032 1394 1070 dissimulanda

195 1085 270 1121 sibi
290 1085 544 1130 existimavit,
563 1097 773 1133 eorumque
792 1085 929 1123 animis
951 1086 1155 1135 permulsis
1183 1092 1222 1123 et
1250 1086 1391 1123 confir·

196 1138 310 1175 matis
330 1139 582 1188 equitatuque
599 1141 802 1187 imperato,
821 1139 966 1177 bellum
986 1152 1074 1176 cum
1096 1139 1304 1177 Germanis
1323 1151 1390 1189 ge-

195 1204 281 1229 rere
301 1192 513 1229 constituit.
1158 1214 1161 1215 ⁷

250 1245 285 1281 V
291 1245 345 1282 Π.
376 1246 435 1283 Re
453 1245 708 1283 frumentaria
727 1243 947 1295 comparata
965 1246 1237 1294 equitibusque
1265 1246 1390 1284 delec-

195 1299 257 1344 tis,
279 1299 354 1336 iter
372 1299 413 1336 in
446 1312 491 1337 ea
520 1300 602 1337 loca
633 1299 759 1337 facere
779 1300 907 1349 coepit,
936 1301 1077 1348 quibus
1107 1300 1147 1336 in
1181 1300 1275 1337 locis
1309 1312 1393 1337 esse

197 1352 414 1390 Germanos
434 1353 629 1390 audiebat.
685 1351 724 1389 A
752 1354 893 1401 quibus
921 1366 1041 1401 quum
1071 1353 1280 1401 paucorum
1308 1354 1391 1391 die·

194 1419 279 1443 rum
301 1408 376 1444 iter
394 1407 555 1452 abesset,
577 1407 694 1456 legati
713 1408 761 1444 ab
787 1407 848 1444 his
881 1412 1081 1452 venerunt,
1115 1419 1280 1456 quorum
1309 1407 1391 1445 haec

194 1459 270 1497 suit
298 1461 436 1497 oratio:
474 1459 690 1497 Germanos
720 1472 845 1509 neque
865 1460 1013 1509 priores
1044 1460 1184 1510 populo
1215 1460 1390 1499 Romano

193 1514 337 1551 bellum
356 1513 511 1558 inferre,
533 1526 604 1551 nec
623 1520 752 1551 tamen
773 1526 962 1559 recusare,
979 1515 1012 1551 si
1027 1514 1276 1559 lacessantur,
1290 1515 1387 1563 quin

194 1568 311 1604 armis
331 1568 565 1604 contendant
584 1582 593 1611 ;
613 1568 715 1616 quod
738 1566 1023 1605 Germanorum
1042 1568 1279 1605 consuetudo
1308 1569 1391 1606 haec

193 1621 244 1658 sit
264 1633 285 1658 a
304 1618 514 1668 majoribus
533 1622 687 1666 tradita,
709 1622 943 1670 quicumque
962 1621 1107 1658 bellum
1125 1621 1309 1668 inferant,
1328 1635 1390 1659 re-

194 1676 330 1712 sistere
350 1688 474 1723 neque
495 1676 690 1724 deprecari
718 1689 727 1718 ;
748 1675 827 1712 haec
847 1682 975 1712 tamen
995 1675 1133 1720 dicere,
1156 1676 1308 1712 venisse
1327 1676 1389 1712 in-

194 1728 307 1773 vitos,
329 1728 472 1775 ejectos
491 1729 617 1766 domo.
676 1727 715 1765 Si
736 1741 844 1765 suam
862 1729 1028 1776 gratiam
1058 1728 1224 1765 Romani
1254 1729 1386 1774 velint,

193 1794 305 1831 posse
324 1783 380 1819 cis
399 1783 514 1819 utiles
533 1795 615 1819 esse
635 1783 777 1819 amicos
798 1797 807 1826 3
829 1783 889 1818 vel
917 1782 990 1819 sibi
1019 1795 1132 1831 agros
1159 1782 1387 1827 attribuant,

195 1836 255 1873 vel
275 1836 473 1885 patiantur
493 1848 557 1873 eos
579 1844 721 1881 tenere,
743 1849 838 1884 quos
854 1836 970 1872 armis
987 1836 1236 1884 possederint.
1297 1835 1390 1874 Sese

193 1890 281 1926 unis
305 1890 443 1927 Suevis
463 1890 683 1934 concedere,
705 1891 846 1938 qulbus
875 1902 923 1926 ne
954 1889 1018 1925 Dii
1047 1890 1203 1937 quidem
1230 1889 1388 1926 immor-

193 1943 290 1980 tales
309 1956 419 1992 pares
440 1956 521 1980 esse
541 1944 690 1992 possint
707 1957 716 1980 ;
737 1944 928 1991 reliquum
948 1943 1105 1990 quidem
1120 1943 1161 1979 in
1177 1943 1388 1994 terrisesse

191 1998 397 2042 neminem,
419 2010 533 2045 quern
554 2010 629 2034 non
649 2009 832 2046 superare
851 1996 1012 2045 possint.

246 2050 368 2087 VIII.
399 2049 463 2087 Ad
483 2051 564 2088 haec
586 2050 726 2094 Caesar‚
748 2062 833 2098 quae
854 2050 978 2086 visum
998 2056 1056 2086 est
1076 2049 1273 2098 respondit
1293 2064 1303 2094 ;
1323 2051 1390 2088 sed

192 2104 322 2141 exitus
341 2104 416 2141 fuit
437 2105 649 2147 orationis3
678 2103 759 2141 Sibi
789 2103 933 2140 nullam
963 2116 1052 2140 cum
1085 2103 1146 2140 his
1177 2103 1388 2142 amicitiam

191 2170 274 2195 esse
294 2170 416 2205 posse,
437 2159 469 2195 si
490 2159 528 2194 in
553 2156 682 2195 Gallia
701 2164 945 2194 remanerent
962 2172 972 2201 3
991 2170 1116 2206 neque
1137 2170 1270 2194 verum
1291 2170 1386 2204 esse,

192 2211 257 2260 qui
279 2224 367 2248 suos
387 2212 485 2248 fines
505 2211 607 2248 tueri
636 2224 712 2248 non
743 2212 951 2259 potuerint,
987 2210 1132 2248 alienos
1165 2223 1353 2260 occupare
1375 2225 1384 2248 :

192 2277 316 2313 neque
337 2265 433 2301 ullos
453 2265 493 2300 in
516 2263 647 2301 Gallia
665 2277 802 2301 vacare
821 2277 946 2313 agros,
966 2264 1033 2312 qui
1053 2265 1137 2301 dari
1156 2271 1274 2301 tantae
1289 2276 1386 2314 prae·

192 2319 326 2355 sertim
345 2318 585 2354 multitudini
605 2319 687 2355 sine
706 2315 850 2365 injuria
870 2318 1028 2366 possint.
1089 2317 1166 2355 Sed
1194 2318 1320 2363 licere,
1351 2319 1383 2354 si

190 2372 324 2417 velint,
346 2372 385 2407 in
409 2371 600 2410 Ubiorum
620 2372 763 2408 finibus
792 2372 1001 2416 considere,
1031 2385 1195 2420 quorum
1225 2372 1303 2408 sint
1329 2371 1384 2408 le'-

190 2426 271 2474 gati
292 2426 393 2474 apud
415 2438 454 2462 se
474 2433 513 2462 et
532 2426 578 2462 de
603 2424 818 2463 Suevorum
839 2425 997 2473 injuriis
1019 2431 1233 2474 querantur
1252 2432 1291 2463 et
1309 2437 1384 2462 ase

190 2479 379 2516 auxilium
403 2484 535 2528 petant
556 2493 565 2522 ;
586 2478 656 2517 hoc
677 2490 718 2516 se
738 2480 786 2516 ab
807 2479 852 2515 iis
872 2480 1178 2528 impetraturum.
