1496 2671
428 130 590 169 LIBER
621 130 891 175 QUARTUS.
1200 131 1250 170 57

87 242 151 279 sed
170 241 299 291 quibus
315 239 394 288 ipsa
413 238 564 275 deberet
584 250 661 274 osse
680 237 822 275 solatio.
880 238 924 274 In
944 242 1141 287 conspectu
1169 244 1246 275 crat

84 307 197 344 nepos
215 291 397 343 parvulus,
418 291 466 328 ob
492 291 531 327 id
558 290 676 340 ipsum
706 291 933 335 miserabilis,
953 291 1051 339 quod
1079 291 1243 328 nondum

86 348 266 386 sentiebat
291 345 549 390 calamitatem,
583 344 739 381 maxima
767 357 812 380 ex
839 349 944 393 parte
970 345 1017 381 ad
1045 345 1163 394 ipsum
1191 357 1249 381 rr·-

84 397 323 438 dundantem‘.
378 398 556 435 Crederes
574 398 830 438 Alexandrum
855 398 952 435 inter
978 411 1061 435 suas
1088 398 1244 435 necessi-

86 453 231 492 tudines
257 452 356 497 flere,
386 457 424 490 et
450 451 580 489 solatia
617 464 691 488 non
731 451 917 496 adhibere,
947 452 1011 488 sed
1040 464 1244 500 quaerere:

86 507 165 543 cibo
183 511 284 543 certe
301 505 492 551 abstinuit,
522 516 741 552 omnemque
767 505 945 541 honorem
972 505 1104 549 funeri,
1125 505 1246 554 patrio

86 560 277 597 Persarum
307 572 419 604 more,
450 558 636 596 servavit:
675 558 823 606 dignus,
844 558 1003 603 hercule,
1044 559 1106 607 qui
1142 571 1242 595 nunc

84 621 226 661 quoque
243 617 371 650 tantae
392 612 682 650 mansuetudinis
702 618 739 649 et
758 612 1008 650 continentiae
1034 611 1125 648 ferat
1149 612 1245 649 sruc-

82 673 171 704 tum.
229 666 349 704 Semel
376 666 527 703 omnino
555 677 635 703 eam
663 665 816 711 viderat,
838 677 910 714 quo
938 665 998 702 die
1025 670 1133 714 capta
1161 671 1243 709 cst·‚

83 733 149 757 nec
171 725 210 758 ut
228 720 356 769 ipsam,
378 720 442 756 sed
468 725 511 758 ut
538 719 645 756 Darii
673 724 828 756 matrem
856 719 998 756 videret
1019 732 1026 755 :
1058 719 1246 755 eximiam-

26 794 29 798 -
83 786 153 822 que
170 773 482 823 pulchritudinem
502 773 642 810 formae
670 772 748 822 ejus
773 786 849 810 non
877 772 1041 809 libidinis
1068 772 1246 810 habuerat

81 827 371 872 incitamentum,
388 827 452 864 sed
472 826 622 875 gloriae.

135 881 261 918 XLII.
291 880 324 917 E
352 880 587 930 spadonibus,
617 880 678 928 qui
705 879 802 916 circa
827 879 994 928 reginam
1022 884 1138 925 erant,
1171 880 1247 929 Ty-

81 935 204 979 riotes,
224 935 322 971 inter
349 934 634 983 trepidationem
662 934 873 981 lugentium
904 933 1047 982 elapsus
1075 946 1140 982 per
1167 946 1245 970 eam

79 993 235 1037 portam,
257 1000 358 1036 quae,
389 988 474 1037 quia
501 988 548 1024 ab
575 987 680 1025 hoste
708 999 834 1024 aversa
862 992 952 1031 erat,
982 986 1097 1024 levius
1125 992 1247 1024 custo-

79 1042 259 1087 diebatur,
281 1041 328 1078 ad
348 1041 454 1078 Darii
474 1046 593 1078 castra
610 1040 780 1089 pervenit
800 1054 807 1077 :
838 1045 1084 1089 exceptusque
1111 1053 1131 1077 a
1151 1041 1245 1089 vigi-

78 1095 185 1140 libus,
199 1096 238 1131 in
257 1094 534 1132 tabernaculum
556 1095 654 1142 regis
672 1094 898 1142 perducitur,
915 1105 1067 1142 gemens
1087 1099 1123 1131 et
1143 1101 1245 1131 veste

83 1149 253 1185 lacerata.
311 1147 432 1192 Quem
460 1153 502 1185 ut
521 1148 713 1196 conspexit
733 1147 880 1192 Darius,
900 1147 1092 1196 multiplici
1112 1160 1245 1197 expec-

80 1201 221 1239 tatione
240 1207 458 1247 commotus,
479 1205 516 1238 et
536 1201 623 1248 quid
642 1201 873 1249 potissimum
893 1201 1048 1246 timeret,
1069 1201 1245 1246 incertus,

81 1259 90 1275 ‘
107 1255 242 1294 Vultus
261 1254 369 1299 tuus,'
383 1255 514 1303 inquit,
546 1258 556 1276 ‘
573 1255 697 1291 nescio
717 1255 816 1302 quod
834 1255 966 1302 ingens
985 1255 1121 1291 malum
1139 1267 1245 1304 prae-

73 1308 169 1346 fert:
199 1309 265 1346 sed
292 1321 380 1345 cave
417 1308 539 1345 miseri
565 1307 723 1345 hominis
760 1307 909 1344 auribus
942 1320 1096 1356 parcas:
1127 1309 1241 1345 didici

77 1362 175 1399 enim
202 1374 280 1399 esse
311 1361 462 1406 infelix;
501 1366 539 1399 et
575 1374 683 1410 saepe
710 1361 927 1398 calamitatis
965 1361 1136 1398 solatium
1174 1367 1239 1405 est,

78 1428 184 1453 nosse
220 1420 356 1453 sortem
384 1428 500 1452 suam.
556 1415 670 1460 Num,
700 1415 797 1463 quod
825 1415 983 1451 maxime
1010 1415 1174 1464 suspicor
1202 1425 1237 1453 et

77 1469 174 1517 loqui
203 1469 326 1514 timeo,
346 1468 505 1505 ludibria
523 1480 687 1505 meorum
706 1469 947 1506 nunciaturus
966 1481 1028 1512 es;
1060 1469 1160 1514 mihi,
1190 1475 1239 1513 et,

78 1529 118 1560 ut
137 1523 258 1567 credo,
278 1522 365 1571 ipsis
391 1534 547 1570 quoque,
576 1522 676 1559 omni
703 1522 874 1570 graviora
900 1522 1078 1571 supplicio
1097 1521 1127 1559 P’
1179 1523 1242 1559 Ad

77 1577 167 1613 haec
196 1576 379 1626 Tyriotes,
421 1575 549 1613 ‘Istud
577 1575 724 1623 quidem
762 1576 890 1625 procul
927 1575 1056 1622 abest?
1089 1576 1240 1625 inquit:

82 1634 417 1678 ‘quantuscumque
437 1629 534 1666 enim
562 1629 698 1677 reginis
726 1629 845 1666 honor
873 1630 919 1666 ab
947 1629 990 1665 iis
1018 1630 1080 1677 qui
1107 1636 1237 1679 parent

76 1683 202 1720 haberi
219 1687 353 1732 potest,
383 1682 457 1720 tuis
476 1696 497 1720 a
516 1682 655 1720 victore
683 1688 847 1720 servatus
867 1689 922 1720 est
942 1696 950 1720 ε
981 1684 1046 1719 sed
1065 1695 1158 1720 uxor
1177 1688 1241 1721 tua

76 1737 185 1786 paulo
221 1741 308 1774 ante
343 1737 499 1774 excessit
535 1748 555 1773 c
581 1734 679 1774 vita.’
735 1736 830 1772 Tum
857 1749 945 1773 vero
972 1749 1047 1773 non
1083 1737 1241 1785 gemitus

77 1791 199 1835 modo,
220 1789 285 1827 sed
304 1789 415 1827 etiam
441 1789 611 1838 ejulatus,
641 1789 730 1827 totis
758 1790 886 1827 castris
915 1791 1210 1827 exaudiebantur
1231 1804 1238 1828 ε

77 1857 144 1881 nec
177 1843 363 1881 dubitavit
396 1843 545 1889 Darius,
573 1844 662 1891 quin
689 1843 884 1880 interfecta
920 1850 1026 1889 esset,
1056 1843 1142 1892 quia
1177 1856 1242 1881 ne-

76 1899 213 1944 quisset
239 1896 498 1947 contumeliam
527 1898 632 1945 pati;
661 1897 914 1944 exclamatque
950 1909 1075 1933 amens
1102 1897 1240 1941 dolore,

78 1954 87 1970 ·'
108 1951 221 1996 Quod
247 1963 317 1999 ego
345 1955 491 1988 tantum
519 1949 620 1987 nefas
648 1950 823 1994 commisi,
854 1950 1068 1987 Alexander
1087 1950 1106 1987 5>
1133 1963 1241 1999 quem

79 2009 233 2040 tuorum
260 2004 548 2053 propinquorum
576 2003 716 2049 necavi,
743 2009 786 2041 ut
805 2004 900 2040 hauc
927 2004 1042 2040 vicem
1071 2004 1245 2042 saew'tiae

77 2070 179 2095 meae
195 2057 329 2094 reddas
346 2057 366 2094 ἶ)
422 2057 545 2095 Odisti
563 2070 632 2102 me,
654 2069 729 2093 non
745 2057 892 2105 quidem
905 2062 1127 2106 provocatus
1147 2072 1154 2096 ε
1177 2058 1242 2095 scd

78 2111 188 2160 finge,
221 2109 364 2158 justum
390 2110 558 2149 intulisse
593 2116 632 2148 te
667 2110 835 2155 bellum3
865 2123 949 2148 cum
979 2111 1125 2149 feminis
1153 2124 1243 2160 ergo

77 2176 187 2212 agere
205 2163 385 2200 debueras
403 2163 434 2201 ’θ’
489 2164 662 2214 Tyriotes
690 2164 871 2201 affirmare
890 2177 955 2214 per
974 2165 1063 2202 deos
1089 2166 1241 2214 patrios,

79 2217 170 2254 nihil
188 2217 227 2253 in
240 2229 320 2253 eam
339 2217 486 2265 gravius
506 2230 584 2255 esse
612 2218 822 2255 consultum
843 2231 850 2255 :
880 2218 1103 2267 ingemuisse
1130 2219 1241 2257 etiam

81 2270 332 2308 Alexandrum
360 2271 482 2315 morti,
509 2276 547 2309 et
582 2283 659 2308 non
686 2271 831 2321 parcius
858 2272 1001 2309 flevisse
1027 2285 1137 2321 quam
1164 2272 1244 2321 ipse

80 2322 341 2361 lacrimaretur.
399 2323 460 2360 Ob
479 2324 569 2361 haec
586 2324 666 2373 ipsa
684 2325 840 2363 amantis
860 2325 1002 2362 animus
1021 2326 1060 2362 in
1080 2326 1243 2363 solicitu-

76 2377 199 2416 dinem
231 2377 547 2426 suspicionemque
582 2378 770 2416 revolutus
803 2385 869 2425 est,
891 2379 1113 2416 desiderium
1151 2391 1237 2427 capa
