1496 2671
312 221 385 258 DE
415 219 594 258 BELLO
626 219 875 259 GALLICO
904 220 1009 257 LIB.
1040 220 1096 257 11.
1250 221 1299 256 45

111 342 226 380 quam
245 329 293 366 ab
311 328 372 364 his
394 340 462 376 per
481 327 695 365 cruciatum
724 327 902 372 interfici,
933 327 1034 365 inter
1062 340 1157 375 quos
1177 326 1299 363 domi-

111 383 195 420 nari
214 387 473 419 consuessent.
1022 408 1024 411 ψ

163 434 352 472 XXXII.
381 433 446 470 Ad
465 435 544 470 haec
565 432 695 471 Caesar
721 434 948 481 respondit:
981 446 1021 471 se
1054 433 1176 482 magis
1208 445 1300 470 con·

110 488 310 526 suetudine
330 485 399 525 sua
417 500 531 536 quam
552 488 688 524 merito
708 499 841 523 eorum
870 487 1067 524 civitatem
1096 499 1298 524 conserva-

109 547 251 586 turum,
273 541 300 577 si
321 541 426 590 prius
445 553 561 590 quam
581 540 680 578 aries
708 553 861 577 murum
891 541 1093 589 attigisset,
1124 553 1164 577 se
1193 541 1299 577 dedi-

108 594 283 632 dissent:
304 595 369 631 sed
389 594 595 632 deditionis
626 594 770 630 nullam
801 605 884 630 esse
917 594 1188 638 conditionem,
1224 593 1299 630 nisi

108 648 225 684 armis
245 648 396 685 traditis
414 661 423 684 ε
445 660 485 685 se
503 648 555 693 id,
571 648 672 696 quod
687 647 726 683 in
742 646 901 684 Nerviis
915 646 1080 691 ferisset,
1102 647 1298 684 facturum

107 701 359 750 finitimisque
378 702 666 750 imperaturum,
684 713 731 737 ne
746 713 860 748 quam
877 700 1064 737 dedititiis
1077 700 1207 748 populi
1224 698 1299 737 Ro-

106 755 211 803 mani
230 755 412 803 injuriam
440 755 643 792 inferrent.
699 751 755 791 Re
784 751 966 791 nunciata
999 754 1047 790 ad
1081 765 1179 797 suos,
1213 766 1299 802 quae

106 807 398 856 imperarentur,
418 807 546 845 facere
565 808 762 845 dixerunt.
818 805 1028 844 Armorum
1047 805 1189 856 magn-21
1201 807 1299 843 mul-

106 861 272 899 titudine
301 862 347 898 de
375 874 485 898 muro
504 861 546 898 in
577 861 732 906 fossam,
765 873 849 909 quae
878 866 961 897 erat
993 866 1082 897 ante
1114 860 1297 909 oppidum

99 913 217 962 jacta,
239 915 293 952 sic
324 920 365 951 ut
385 927 504 964 prope
533 927 720 952 summam
747 915 847 950 muri
867 914 1096 963 aggerisque
1123 914 1298 952 altitudi-

106 980 195 1005 nem
232 968 361 1006 acervi
394 981 587 1006 armorum
621 968 877 1016 adaequarent,
916 973 955 1004 et
983 974 1112 1004 tamen
1145 967 1299 1004 circiter

107 1027 217 1070 parte
235 1023 353 1059 tertia
371 1027 415 1058 ut
434 1028 567 1070 postea
585 1027 829 1070 perspectum
849 1026 918 1064 est,
953 1021 1077 1057 celata
1109 1027 1226 1069 atque
1257 1021 1299 1057 in

107 1075 248 1123 oppido
265 1072 427 1119 retenta,
448 1075 569 1123 portis
590 1074 802 1123 patefactis,
824 1087 869 1111 eo
888 1074 950 1110 die
970 1086 1062 1121 pace
1081 1081 1170 1110 sunt
1191 1074 1267 1110 usi.

160 1127 375 1164 XXXIII.
407 1127 485 1165 Sub
512 1140 715 1176 vesperum
746 1127 876 1165 Caesar
893 1133 1022 1176 portas
1051 1127 1176 1164 claudi
1197 1127 1298 1163 mili-

107 1186 241 1230 tesque
261 1194 310 1218 ex
331 1181 471 1229 oppido
491 1180 742 1229 exirejussit‚
771 1193 819 1217 ne
839 1193 953 1229 quam
974 1187 1090 1218 noctu
1116 1181 1298 1229 oppidani

106 1235 154 1271 ab
183 1234 371 1271 militibus
402 1233 584 1282 injuriam
617 1234 850 1282 acciperent.
906 1234 970 1271 Illi
998 1239 1087 1271 ante
1115 1234 1223 1279 inito,
1255 1240 1299 1271 ut
1336 1271 1349 1282 ,-

105 1287 343 1325 intellectum
372 1293 441 1332 est,
462 1287 634 1332 consilio,
664 1288 767 1336 quod
795 1287 989 1325 deditione
1016 1285 1120 1324 facta
1147 1293 1298 1325 nostros

105 1341 284 1389 praesidia
312 1341 555 1386 deducturos,
582 1347 648 1377 aut
676 1340 843 1389 denique
870 1340 1139 1389 indiligentius
1168 1352 1297 1378 serva-

105 1400 214 1431 turos
241 1394 493 1439 crediderant,
514 1394 655 1442 partim
685 1406 771 1431 cum
793 1394 852 1430 his
881 1406 966 1442 quae
994 1393 1236 1431 retinuerant
1260 1399 1298 1431 et

106 1447 326 1485 celaverant
356 1447 484 1492 armis,
513 1448 654 1496 partim
689 1447 808 1484 scutis
838 1460 888 1485 ex
921 1447 1064 1484 cortice
1092 1447 1205 1484 factis
1231 1453 1299 1485 aut

106 1501 318 1537 viminibus
346 1501 518 1545 intextis,
539 1512 623 1548 quae
653 1501 790 1546 subito,
821 1507 864 1537 ut
891 1501 1075 1549 temporis
1103 1501 1298 1549 exiguitas

106 1554 335 1603 postulabat,
356 1554 520 1602 pellibus
548 1554 794 1599 induxerant,
819 1552 935 1591 tertia
955 1552 1100 1599 vigilia,
1122 1567 1198 1601 qua
1225 1555 1297 1591 mi-

107 1608 210 1644 nime
230 1607 372 1644 arduus
385 1608 433 1644 ad
447 1613 595 1644 nostras
610 1608 844 1645 munitiones
859 1608 1064 1645 adscensus
1079 1607 1297 1653 videbatur,

106 1661 284 1697 omnibus
303 1660 423 1709 copiis
443 1667 601 1709 repente
621 1673 671 1697 ex
689 1661 829 1709 oppido
849 1661 1091 1708 eruptionem
1109 1660 1296 1698 fecerunt.

108 1713 306 1758 Celeriter,
337 1720 380 1750 ut
408 1721 497 1750 ante
518 1713 649 1750 Caesar
676 1714 895 1762 imperarat,
915 1714 1074 1762 ignibus
1101 1715 1297 1762 significa-

105 1768 210 1805 tione
242 1764 353 1812 faetssu
389 1779 439 1804 ex
473 1767 660 1815 proximis
693 1767 859 1805 castellis
887 1767 932 1805 ed
970 1780 1198 1805 concursum
1227 1775 1296 1813 est,

106 1827 395 1870 pugnatumque
415 1821 462 1857 ab
478 1821 654 1857 hostibus
673 1821 726 1858 ita
742 1821 893 1866 acriter,
917 1827 959 1858 ut.
978 1834 1000 1858 a
1021 1821 1115 1857 viris
1134 1821 1298 1858 fortibus

105 1875 147 1910 in
166 1871 340 1911 extrema
357 1886 424 1922 spe
444 1874 588 1919 salutis,
619 1875 752 1922 iniquo
779 1875 873 1919 loco,
894 1880 1030 1911 contra.
1056 1887 1130 1917 eos,
1152 1875 1221 1923 qui
1248 1888 1298 1912 ex

107 1927 208 1964 vallo
235 1927 485 1976 turribusque
512 1928 589 1964 tela
608 1927 796 1976 jacerent,
818 1928 985 1976 pugnari
1012 1927 1157 1973 debuit,
1178 1941 1297 1976 quum

107 1980 148 2016 in
168 1977 245 2017 unfi,
263 1981 408 2017 virtute
427 1981 551 2017 omnis
580 1993 666 2030 spes
685 1981 820 2018 salutis
849 1981 1086 2018 consisteret.
1146 1980 1296 2019 Occisis

107 2034 155 2070 ad
167 2033 364 2070 hominum
382 2033 552 2071 millibus
567 2040 743 2082 quatuor,
758 2034 896 2083 reliqui
911 2035 952 2070 in
968 2035 1151 2083 oppidum
1164 2034 1299 2082 rejecti

108 2093 209 2123 sunt.
267 2086 459 2124 Postridie
488 2087 572 2135 ejus
606 2088 694 2133 diei,
715 2087 892 2124 refractis
926 2088 1047 2135 portis
1075 2101 1194 2136 quum
1214 2088 1298 2136 jam

107 2139 330 2177 defenderet
357 2152 479 2185 nemo,
510 2146 625 2189 atque
657 2141 890 2178 intromissis
925 2141 1114 2178 militibus
1144 2142 1297 2185 nostris,

107 2193 315 2230 sectionem
335 2191 417 2240 ejus
436 2194 566 2242 oppidi
586 2194 806 2232 universam
837 2194 969 2231 Caesar
987 2194 1173 2231 vendidit.
1231 2195 1298 2231 Ab

105 2246 178 2291 his,
197 2246 264 2294 qui
293 2251 474 2292 emerant,
494 2247 664 2295 capitum
683 2260 866 2286 numerus
886 2248 934 2285 ad
962 2260 1049 2285 eum
1077 2248 1221 2285 relatus
1241 2254 1299 2285 est

106 2300 271 2336 millium
290 2299 404 2335 LIII.

161 2352 366 2389 XXXIV.
397 2352 543 2389 Eodem
573 2358 743 2402 tempore
762 2367 785 2391 a
813 2354 861 2391 P.
892 2353 1043 2399 Crasso,
1064 2367 1178 2402 quem
1211 2366 1299 2391 cum

107 2405 260 2455 legione
292 2403 370 2442 una
401 2406 558 2443 miserat
588 2407 636 2443 ad
664 2407 846 2452 Venetos,
879 2408 1054 2451 Unellos,
1097 2407 1297 2452 Osismios,

110 2458 372 2504 Curiosolitas,
398 2458 578 2497 Sesuvios
620 2457 821 2505 Aulercos,
854 2459 1066 2506 Rhedones,
1097 2474 1180 2509 quae
1210 2467 1299 2497 sunt
