1496 2671
461 178 464 180 ·
512 166 958 205 THEMISTOCLES.
1286 169 1330 205 13

150 285 225 314 non
255 276 417 313 multum
451 288 649 324 superesse
681 275 917 320 munitionis,
940 276 988 312 ad
1018 275 1194 324 Ephoros
1214 275 1334 314 Lace⁰

150 330 434 367 daemoniorum
467 329 636 374 accessit,
657 341 774 377 penes
804 341 899 376 quos
919 340 1110 366 summum
1129 329 1334 378 imperium

149 389 244 429 erat,
264 389 379 432 atque
413 383 514 431 apud
550 393 614 420 eos
647 382 854 427 contendit,
875 380 971 419 falsa
1003 383 1063 419 his
1089 395 1172 421 esse
1191 383 1334 428 delata3

148 449 267 485 quare
299 449 462 484 aequum
493 448 588 479 esse,
608 435 693 473 illos
727 437 846 473 bonos
879 435 982 472 viros
1004 437 1225 484 nobilesque
1245 437 1334 474 mit-

149 496 241 534 tere,
262 490 402 539 quibus
421 490 515 527 fides
534 490 752 534 haberetur,
773 489 839 537 qui
871 501 953 525 rem
980 489 1227 537 explorarent
1244 506 1255 535 3
1273 491 1335 528 in-

149 549 254 580 terea
289 555 330 580 se
368 543 538 580 obsidem
575 543 801 580 retinerent.
877 541 1022 580 Gestus
1058 550 1116 580 est
1153 545 1188 581 ei
1225 557 1307 582 mos
1324 560 1335 589 ;

149 602 303 645 tresque
321 597 449 645 legati,
471 597 595 634 functi
615 596 772 633 summis
792 596 1016 641 honoribus,
1032 597 1208 634 Athenas
1228 599 1336 636 missi

149 656 250 686 sunt.
307 649 407 688 Cum
440 650 500 688 his
520 650 685 699 collegas
704 662 792 687 suos
812 650 1094 688 Themistocles
1107 650 1228 698 jussit
1247 665 1336 700 pro-

146 703 266 741 ficisci
283 718 294 748 3
323 704 452 752 eisque
472 704 675 753 praedixit,
692 709 734 740 ut
753 716 801 740 ne
820 703 927 751 prius
946 703 1337 742 Lacedaemoniorum

148 757 294 805 legatos
324 758 576 802 dimitterent,
598 770 712 805 quam
746 758 829 805 ipse
861 762 961 794 esset
993 757 1193 795 remissus.
1251 758 1336 797 Hos

148 816 349 859 postquam
368 811 544 849 Athenas
564 811 785 860 pervenisse
803 816 910 848 ratus
923 816 992 855 est,
1006 812 1052 848 ad
1067 812 1338 860 magistratum

149 871 398 914 senatumque
418 865 807 903 Lacedaemoniorum
832 865 938 909 adiit,
960 871 998 902 et
1017 865 1119 914 apud
1138 878 1201 903 eos
1219 865 1337 903 liber-

149 918 245 954 rime
281 918 476 967 professus
513 924 582 963 est,
621 918 882 955 Athenienses
919 931 989 956 suo
1025 919 1195 964 consilio,
1234 920 1337 968 quod

150 972 343 1009 communi
368 971 459 1019 jure
490 972 665 1021 gentium
695 972 821 1009 facere
850 977 1017 1020 possent,
1039 973 1129 1009 deos
1148 973 1338 1022 publicos,

151 1036 312 1072 suosque
343 1026 489 1074 patrios
521 1038 564 1062 ac
596 1031 766 1074 penates,
787 1038 863 1073 quo
882 1025 1034 1062 facilius
1053 1027 1101 1063 ab
1120 1026 1229 1064 hoste
1248 1039 1337 1075 pos-

149 1085 235 1115 sent
254 1078 469 1122 defendere,
490 1079 612 1115 muris
632 1078 793 1128 sepsisse
814 1092 823 1115 ι
852 1091 977 1127 neque
996 1091 1052 1125 eo,
1074 1080 1175 1127 quod
1194 1080 1334 1118 inutile

150 1138 248 1169 esset
279 1129 474 1178 Graeciae,
509 1132 672 1175 fecisse;
703 1144 791 1169 nam
826 1132 980 1169 illorum
1014 1134 1161 1179 urbem,
1183 1140 1227 1171 ut
1246 1146 1336 1183 pro-

148 1187 420 1235 pugnaculum,
441 1186 655 1235 oppositam
673 1198 756 1224 esse
774 1186 949 1223 barbaris
966 1201 976 1230 3
1004 1187 1107 1234 apud
1125 1199 1241 1236 quam
1254 1187 1337 1235 jam

150 1240 209 1277 bis
228 1240 359 1278 elassis
389 1240 497 1290 regia
526 1240 681 1277 fecisset
708 1239 984 1288 naufragium:
1013 1240 1338 1279 Lacedaemonios

149 1300 278 1331 autem
298 1295 395 1332 male
415 1302 453 1331 et
472 1293 616 1342 injuste
642 1293 768 1331 facere
787 1294 854 1342 qui
873 1293 913 1329 id
933 1293 1060 1341 potius
1080 1293 1336 1340 intuerentur,

150 1349 252 1395 quod
297 1348 467 1397 ipsorum
514 1347 775 1392 dominationi,
823 1359 937 1396 quam
986 1347 1087 1394 quod
1132 1348 1339 1386 universae

153 1400 341 1439 Graeciae
371 1402 466 1438 utile
495 1408 606 1439 esset.
666 1400 808 1446 Quare,
829 1401 861 1437 si
892 1413 980 1438 suos
1000 1401 1146 1449 legatos
1165 1402 1338 1450 recipere

152 1455 306 1499 vellent,
330 1466 422 1503 quos
455 1453 630 1492 Athenas
649 1455 844 1499 miserant,
866 1466 906 1491 se
924 1455 1166 1492 remitterent
1185 1468 1193 1491 :
1223 1455 1336 1493 aliter

149 1508 234 1545 illos
253 1521 450 1557 nunquam
468 1509 508 1545 in
528 1509 691 1557 patriam
711 1513 838 1545 essent
864 1508 1069 1557 recepturi.

153 1661 251 1701 CAP.
281 1661 399 1699 VIII.
478 1660 742 1697 Themistocles
774 1661 813 1696 in
851 1660 1006 1697 exilium
1040 1660 1189 1711 ejectus,
1224 1658 1339 1698 varici

579 1712 689 1763 ,Γηρᾶ
709 1715 893 1762 ayitatur.

206 1781 359 1818 TAMEN
413 1792 491 1817 non
548 1779 685 1829 effugit
729 1779 874 1817 civium
920 1792 1076 1817 suorum
1122 1779 1311 1816 invidiam
1329 1792 1340 1816 ε

152 1847 318 1884 namque
350 1836 398 1872 ob
427 1834 591 1872 eundem
623 1834 811 1879 timorem,
828 1845 902 1881 quo
921 1834 1123 1871 damnatus
1143 1838 1226 1870 erat
1244 1831 1339 1869 Mil-

153 1888 286 1934 tiades,
306 1888 534 1926 testularum
568 1887 760 1936 suffragiis
790 1900 811 1924 e
841 1887 1000 1924 civitate
1029 1886 1186 1935 ejectus,
1208 1885 1340 1934 Argos

153 1942 370 1980 habitatum
389 1941 588 1980 concessit.
646 1941 725 1979 Hic
753 1954 872 1989 quum
901 1945 1058 1990 propter
1081 1940 1224 1977 multas
1256 1938 1340 1988 ejus

154 1996 318 2034 virtutes
350 1997 491 2045 magna
522 2008 610 2033 cum
638 1995 827 2044 dignitate
846 1994 1008 2040 viveret,
1043 1993 1340 2031 Lacedaemonii

154 2049 300 2098 legatos
333 2050 509 2088 Athenas
538 2050 738 2093 miserunt,
758 2048 826 2097 qui
855 2061 944 2085 eum
963 2049 1161 2086 absentem
1181 2059 1337 2085 accusa-

155 2109 243 2140 rent
260 2103 361 2152 quod
380 2103 599 2141 societatem
618 2115 706 2140 cum
724 2114 815 2151 rege
831 2100 1046 2148 Persarum,
1063 2102 1110 2139 ad
1132 2099 1340 2139 Graeciam

154 2157 453 2206 opprimendam,
468 2157 634 2195 fecisset.
690 2154 775 2193 Hoc
787 2155 947 2193 crimine
960 2157 1096 2193 absens
1111 2154 1340 2204 proditionis

155 2216 214 2248 est
232 2210 446 2248 damnatus
502 2211 550 2248 Id
568 2215 612 2248 ut
631 2209 790 2256 audivit,
812 2210 912 2257 quod
929 2222 1007 2247 non
1040 2210 1132 2247 satis
1150 2213 1279 2246 tutum
1300 2219 1340 2244 se

156 2264 279 2314 Argis
298 2264 463 2308 videbat,
485 2263 694 2314 Corcyram
723 2263 964 2313 demigravit.
1021 2263 1084 2301 Ibi
1116 2274 1237 2312 quum
1257 2260 1340 2309 ejus

155 2318 350 2368 principes
369 2317 537 2355 civitatis
557 2317 889 2355 animadvertisset
907 2317 1054 2362 timere,
1068 2329 1117 2354 ne
1128 2321 1285 2368 propter
1299 2325 1341 2352 se

157 2372 301 2410 bellum
319 2372 379 2409 his
399 2371 690 2408 Lacedaemonii
709 2376 748 2408 et
769 2370 1025 2409 Athenienses
1043 2370 1270 2412 indicerent,
1291 2367 1340 2404 ad

159 2425 370 2464 Admetum
401 2423 658 2463 Molossorum
688 2436 830 2474 regem,
851 2437 938 2464 cum
968 2436 1043 2473 quo
1075 2424 1110 2462 ei
1128 2421 1339 2473 hospitium
