1496 2671
200 196 255 237 S&
536 199 580 237 C.
610 199 636 237 «Ἰ
644 192 764 238 U'LII
794 191 1052 238 CAE‘SARIS

197 314 297 351 rant,
327 307 425 344 nihil
457 307 531 343 nisi
558 308 749 344 communi
781 308 940 345 consilio
970 313 1123 345 acturos
1150 306 1398 355 eundemqttc*¹

197 362 322 398 omnis
333 361 499 398 fortunae
513 362 661 397 exitum
675 374 757 398 esse
772 362 931 399 latmos·
951 361 1194 409 reliquasque
1212 360 1396 397 civitates

197 415 418 457 sollicitant,
444 422 486 450 ut
515 415 553 450 in
585 412 630 451 eft
659 409 853 459 libertate,
869 428 983 463 quam
1005 427 1026 451 a
1044 413 1256 462 majoxibus
1283 426 1395 451 acce-

195 475 343 517 pert‚an
366 481 590 518 permanere
617 481 732 516 quam
762 469 1022 505 Romanorum
1052 468 1280 505 servitutem
1305 479 1394 516 per-¹

194 521 297 559 ferre
321 522 492 559 mallent.
550 521 666 559 Omni
686 520 753 559 ora
781 519 976 558 maritima
1002 521 1178 559 celeriter
1206 521 1254 558 ad
1283 533 1395 558 suam

195 576 424 612 sententiam
471 573 668 624 perducta,
707 587 947 612 communem
994 575 1225 623 legationem
1262 575 1310 611 ad
1348 573 1390 610 P.

196 630 380 666 Crassum
410 630 585 666 mittunt:
621 629 651 665 si
682 629 777 665 velit
805 641 894 665 suos
921 628 1106 676 recipere,
1136 628 1288 666 obsides
1317 627 1394 665 sibi

193 684 373 720 remittat.

247 737 326 773 IX.
358 735 510 782 Quibus
530 737 576 773 cle
597 737 711 772 rebus
732 735 862 773 Caesar
881 735 929 771 ab
946 733 1086 772 Crasso
1098 734 1239 772 certior
1253 734 1397 779 factus,-

191 791 291 838 qnod
313 791 395 839 ipse
416 792 547 827 aberat
568 790 735 837 longius,
757 800 874 825 naves
888 788 1044 825 interim
1060 788 1193 837 longas
1209 787 1394 825 aedificari

192 845 230 880 in
252 844 413 881 flumine
432 844 578 891 Ligeri,
601 843 700 891 quod
722 842 852 878 influit
871 841 911 878 in
935 841 1144 887 Oceanum,
1160 841 1326 890 remiges
1341 852 1392 878 ex

192 896 391 945 provincia
427 897 590 940 institui,
623 901 761 933 nautas
793 896 1150 945 gubernatoresque
1178 895 1394 944 comparari

186 951 311 999 jubet.
372 951 446 987 His
480 951 595 987 rebus
625 950 802 986 celeriter
835 949 1124 993 administratis,
1158 948 1241 997 ipse
1271 960 1393 996 quum

192 1005 358 1053 primum
381 1017 449 1052 per
469 1004 560 1041 anni
581 1009 733 1052 tempus
756 1003 890 1052 potuit,
922 1003 969 1039 ad
998 1003 1214 1040 exercitum
1234 1007 1397 1039 contem·

192 1059 260 1095 (lit.
319 1058 463 1094 Veneti
479 1057 714 1106 reliquaeque
734 1057 824 1094 item
846 1056 1034 1101 civitates,
1055 1056 1211 1102 cognito
1228 1054 1394 1093 Caesaris

191 1113 374 1155 adventu,
397 1111 511 1148 simul
531 1111 633 1159 qnod
653 1117 841 1159 quantum
857 1110 897 1146 in
914 1122 954 1147 se
969 1109 1120 1147 facinus
1132 1109 1392 1153 admisissent,

189 1166 471 1209 intelligebant,
487 1165 665 1214 (legatos,
683 1165 786 1213 quod
805 1176 940 1200 nomen
957 1163 1060 1212 apud
1075 1163 1396 1200 omnesnationes·

190 1230 363 1257 sanctum
391 1219 698 1266 inviolatumque
727 1230 877 1266 semper
904 1217 1052 1262 fuisset,
1074 1223 1244 1254 retentos
1273 1216 1321 1253 ab
1350 1227 1395 1252 se:

189 1281 226 1309 ot
240 1274 279 1309 in
300 1273 455 1309 vincula
469 1269 680 1320 conjectos)
701 1283 770 1320 pro
789 1271 1055 1320 magnitudine
1070 1269 1233 1319 periculi
1245 1269 1393 1306 bellum

188 1340 324 1376 parare
345 1333 384 1363 ct
402 1326 571 1363 maxime
590 1338 645 1369 ca,
667 1338 751 1373 quae
778 1325 825 1362 ad
855 1337 966 1361 usum
996 1324 1154 1373 navium
1182 1323 1394 1372 pertinent,

188 1381 393 1430 providere
427 1380 666 1422 instituunt,
700 1380 772 1415 hoc
805 1377 949 1426 majore
980 1390 1058 1427 spe,
1093 1377 1196 1425 quod
1227 1376 1393 1413 multum

188 1436 329 1472 natura
349 1434 420 1470 loci
441 1433 699 1470 conficiebant.
758 1431 959 1469 Pedestria
978 1443 1060 1468 esse
1079 1431 1220 1468 itinera
1239 1429 1393 1468 concisa

189 1488 390 1532 aestuariis,
412 1487 698 1536 navigationem
719 1486 944 1534 impeditam
965 1491 1122 1533 propter
1147 1484 1391 1521 inscientiam

190 1543 361 1579 locorum
391 1541 702 1589 paucitatemque
731 1545 912 1587 portuum
941 1539 1130 1576 sciebant:
1158 1549 1283 1586 neque
1301 1549 1390 1574 nos-

190 1604 270 1633 tros
291 1596 486 1632 exercitus
515 1599 670 1643 propter
701 1593 887 1630 frumenti
915 1592 1085 1641 inopiam
1114 1591 1260 1629 diutius
1287 1591 1392 1640 apud

191 1663 232 1687 se
251 1649 393 1685 morari
415 1660 524 1697 posse
554 1647 814 1684 confidebant:
843 1658 887 1683 ac
911 1645 994 1694 jam
1026 1651 1069 1682 ut
1101 1645 1230 1682 omnia
1257 1650 1392 1682 contra

191 1703 411 1751 opinionem
427 1702 655 1745 acciderent,
666 1709 793 1737 tamen
807 1712 848 1737 se
863 1700 1072 1748 plurimum
1085 1699 1251 1736 navibus
1265 1710 1394 1747 posse;

191 1757 387 1793 Romanos
408 1768 532 1803 neque
551 1755 667 1791 ullam
682 1754 905 1791 facultatem
921 1754 1062 1790 habere
1078 1752 1248 1796 navium,
1266 1764 1391 1800 neque

192 1823 324 1848 corun]
345 1810 527 1852 locorum,
551 1809 615 1845 ubi
636 1808 779 1845 bellum
799 1807 948 1857 gesturi
968 1812 1108 1851 essent,
1131 1806 1240 1850 vada,
1257 1811 1393 1854 portus

192 1864 418 1911 insulasque
435 1863 606 1900 novisse:
637 1875 679 1899 ac
708 1862 821 1909 longe
849 1861 963 1898 aliam
992 1872 1074 1897 esse
1103 1859 1392 1908 navigationem

192 1920 230 1955 in
255 1918 434 1954 concluso
455 1916 550 1953 mari
571 1922 686 1964 atqne
705 1916 744 1951 in
768 1915 984 1952 vastissimo
1011 1919 1127 1961 atque
1149 1912 1394 1960 apertissimo

196 1975 351 2008 (⁷)‹2eano
371 1970 666 2019 perspiciebant.
727 1969 801 2005 His
820 1968 928 2004 initis
947 1967 1127 2011 consiliis,
1145 1966 1286 2015 oppida
1305 1978 1390 2002 mu-

192 2027 318 2068 niunt,
339 2024 534 2061 frumenta
554 2036 604 2060 ex
624 2023 727 2070 agris
755 2023 796 2058 in
826 2021 965 2070 oppida
993 2025 1246 2068 comportant,
1271 2031 1392 2056 naves

192 2080 232 2115 in
254 2079 473 2121 Venetiam,
505 2078 569 2113 ubi
601 2076 792 2114 Caesarem
822 2076 986 2124 primum
1017 2074 1161 2111 bellum
1190 2078 1392 2122 gesturum

193 2133 406 2176 constabat,
426 2144 542 2179 quam
564 2131 748 2179 plurimas
769 2135 939 2178 possunt,
957 2134 1111 2176 cogunt.
1171 2127 1304 2165 Socios
1317 2126 1391 2163 sibi

193 2186 293 2224 adid
312 2185 453 2222 bellum
472 2184 670 2227 Osismios,
692 2183 893 2227 Lexovios,
912 2181 1122 2226 Namnetes,
1145 2179 1390 2224 Ambiliatos,

194 2240 382 2282 Morinos,
414 2236 640 2281 Diablintes,
674 2236 875 2284 Menapios
904 2235 1137 2272 adsciscunt:
1167 2234 1314 2272 auxilia
1341 2245 1392 2270 ex

193 2292 410 2336 Britanni-21„
423 2304 508 2338 quse
521 2297 654 2328 contra
672 2303 736 2327 eas
755 2289 932 2338 regiones
952 2289 1077 2337 posita
1097 2294 1164 2334 est,
1179 2293 1389 2326 arcessunt.
1404 2311 1413 2324 -.

249 2347 303 2383 Χ.
334 2345 459 2382 Erant
480 2345 536 2381 hae
567 2344 811 2380 difficultates
839 2343 930 2379 belli
958 2342 1132 2392 gerendi,
1151 2354 1246 2390 quas
1275 2352 1391 2389 supra

195 2400 449 2442 ostendimus3
478 2399 544 2435 sed
574 2398 694 2434 inulta
724 2396 915 2435 Caesarem
945 2403 1074 2434 tamen
1102 2396 1150 2433 ad
1176 2395 1223 2431 id=
1248 2394 1390 2431 bellum

194 2454 424 2492 incitabant:
459 2451 611 2501 injuriae
642 2457 880 2489 retentorum
909 2450 1084 2499 equitum
1113 2449 1393 2490 Romanorum
