1496 2671
458 119 622 158 LIBER
653 118 898 158 TERTIUS.
1219 119 1237 155 l
1246 120 1265 155 1

99 228 238 268 ederat.
293 227 601 265 Monstrabantur
616 225 764 263 urbium
783 227 900 273 sedes,
921 225 1099 276 Lyrnessi
1113 230 1152 263 et
1168 225 1267 264 The-

100 283 175 329 bes,
206 280 398 332 Typhonis
424 292 572 330 quoque
589 292 720 329 specus
749 284 787 317 et
816 279 1017 330 Corycium
1043 292 1174 318 nemus
1201 280 1266 317 ubi

99 348 245 373 erocum
271 333 452 383 gignitur,
481 339 678 383 ceteraque
694 332 735 369 in
754 333 889 382 quibus
926 334 1020 371 nihil
1047 338 1195 384 praeter
1213 333 1266 371 fa-

100 401 196 427 mam
213 387 423 425 duraverat.
479 386 693 425 Alexander
711 386 836 424 fauces
849 386 934 435 jugi
953 400 1048 436 quae
1067 386 1183 438 Pylae
1202 400 1266 437 ap—

99 442 285 491 pellantur
310 440 480 479 intravit.
536 439 822 489 Contemplatus
853 440 1020 477 locorum
1047 441 1152 487 situs,
1190 454 1267 479 non

98 495 186 532 alias
213 494 331 543 magis
358 495 494 532 dicitur
531 494 732 532 admiratus
770 506 848 531 esse
882 493 1096 532 felicitatem
1133 507 1266 539 suam3

97 547 204 586 obrui
229 548 393 598 potuisse
420 548 478 585 vel
506 548 602 585 saxis
629 547 887 592 confitebatur,
908 547 939 584 si
956 547 1114 586 fuissent
1137 549 1202 598 qui
1228 550 1266 586 in

97 602 298 640 subeuntes
324 602 588 651 propellerent.
670 601 747 638 Iter
776 601 838 638 vix
870 605 1070 650 quaternos
1098 603 1266 652 capiebat

96 660 255 693 armatos
276 670 284 693 ε
313 656 465 693 dorsum
483 655 620 693 montis
637 655 854 692 imminebat
873 655 965 699 viae,
987 667 1064 691 non
1083 661 1264 705 angustae

94 709 206 746 modo
233 709 299 746 sed
334 709 551 759 plerumque
578 713 811 758 praeruptae,
840 708 978 745 crebris
1005 709 1264 747 oberrantibus

92 762 179 800 rivis
197 763 262 812 qui
280 775 327 800 ex
337 763 523 801 radicibus
537 762 720 800 montium
740 767 905 799 manant.
963 761 1125 800 Thracas
1140 768 1263 800 tamen

94 815 226 854 leviter
252 822 413 855 armatos
449 816 669 866 praecedere
694 815 858 864 jusserat
885 816 1116 865 scrutarique
1143 817 1264 863 calles,

91 882 140 906 ne
167 870 334 908 occultus
365 870 481 908 hostis
509 870 548 906 in
575 869 776 907 subeuntes
805 874 1039 919 erumperet;
1069 870 1262 919 sagittario

90 936 172 961 rum
191 936 338 973 quoque
365 936 496 961 manus
514 928 760 972 occupaverat
772 922 909 972 jugum
930 936 938 966 ;
968 923 1135 962 intentos
1154 937 1261 962 arcus

91 977 289 1023 habebant,
323 977 466 1023 moniti,
504 989 580 1014 non
611 977 682 1014 iter
718 976 817 1025 ipsos
852 977 948 1013 inire
977 976 1042 1014 sed
1068 978 1260 1027 praelium.

90 1030 176 1068 Hoc
195 1031 306 1068 modo
326 1043 459 1080 agmen
478 1030 647 1079 pervenit
673 1030 722 1067 ad
748 1031 878 1067 urbem
907 1030 1062 1075 Tarson,
1092 1031 1152 1068 cui
1181 1038 1261 1070 tum

91 1084 247 1121 maxime
275 1084 410 1122 Persae
427 1084 672 1132 subjiciebant
690 1083 826 1131 ignem,
850 1096 896 1120 ne
915 1083 1135 1133 opulentum
1155 1087 1261 1136 oppi-

91 1136 178 1174 dum
197 1138 313 1175 hostis
331 1138 534 1175 invaderet.
592 1140 645 1174 At
658 1137 732 1181 ille,
756 1136 1002 1175 Parmenione
1020 1137 1068 1175 ad
1086 1138 1258 1177 inhiben—

89 1191 176 1228 dum
184 1191 397 1228 incendium
416 1203 500 1228 cum
519 1190 694 1239 expedita
710 1203 823 1227 manu
837 1191 1047 1239 praemisso,
1064 1196 1259 1242 postquam

88 1244 274 1282 Barbaros
288 1245 453 1282 adventu
471 1257 621 1281 suorum
650 1244 797 1293 fugatos
817 1256 895 1281 esse
914 1245 1102 1294 cognovit,
1132 1246 1261 1284 urbem

87 1311 107 1334 a
126 1311 165 1336 se
182 1303 436 1336 conservatam
455 1298 585 1336 intrat.

87 1358 90 1360 ’
141 1352 207 1391 ΧΙ.
237 1353 273 1390 5.
305 1352 469 1390 Mediam
497 1351 652 1402 Cydnus
689 1352 819 1398 amnis,
857 1352 904 1389 de
931 1365 1005 1401 quo
1032 1353 1144 1402 paulo
1173 1359 1259 1392 ante

85 1406 226 1444 dictum
246 1411 313 1452 est,
344 1405 546 1450 interfluit3
577 1409 614 1442 et
642 1410 732 1442 tunc
760 1412 877 1444 aestas
906 1410 997 1452 erat,
1026 1406 1133 1456 cujus
1160 1407 1260 1445 calor

85 1472 161 1496 non
177 1459 287 1496 aliam
315 1459 432 1508 magis
451 1471 562 1508 quam
582 1459 732 1496 Ciliciae
747 1471 850 1496 oram
869 1472 1004 1509 vapore
1023 1460 1110 1497 solis
1128 1473 1258 1498 accen—

85 1513 168 1550 dit:
207 1521 244 1550 et
272 1513 345 1550 diei
371 1512 655 1549 fervidissimum
682 1518 828 1562 tempus
856 1518 1038 1562 coeperat.
1097 1513 1256 1553 Pulvere

85 1578 128 1604 ac
157 1567 294 1604 sudore
320 1566 429 1604 simul
455 1566 645 1616 perfusum
671 1578 799 1615 regem
825 1566 1000 1606 invitavit
1025 1567 1149 1617 liquor
1185 1569 1253 1606 flu-

84 1620 204 1665 minis,
224 1627 267 1658 ut
284 1620 445 1658 calidum
472 1619 594 1657 adhuc
619 1632 753 1669 corpus
767 1620 948 1658 ablueret.
1005 1620 1137 1671 Itaque
1155 1628 1257 1661 veste

84 1673 252 1723 deposita
261 1674 302 1710 in
313 1678 515 1723 conspectu
534 1673 703 1722 agminis,
725 1673 900 1711 decorum
919 1687 1067 1723 quoque
1085 1675 1255 1714 futurum

82 1732 195 1773 ratus,
216 1728 247 1766 si
273 1727 494 1765 ostendisset
522 1728 596 1764 suis
624 1727 696 1764 levi
722 1739 765 1764 ac
791 1727 947 1776 parabili
965 1729 1070 1766 cultu
1089 1731 1255 1779 corporis

82 1794 120 1818 se
138 1794 216 1819 esse
236 1785 465 1826 contentum,
486 1780 679 1819 descendit
698 1780 737 1817 in
750 1781 888 1818 flumen
908 1794 917 1825 ;
948 1781 1083 1831 vixque
1102 1783 1254 1831 ingressi

82 1836 204 1874 subito
231 1835 384 1872 horrore
411 1840 513 1872 artus
549 1834 671 1883 rigere
698 1840 929 1884 coeperunt:
966 1836 1085 1884 pallor
1113 1837 1249 1874 deinde

83 1888 239 1930 suffusus
258 1894 325 1934 est,
355 1893 392 1927 et
409 1894 530 1926 totum
557 1887 824 1937 propemodum
850 1901 983 1938 corpus
1010 1889 1132 1926 vit-alis
1151 1890 1251 1928 calor

76 1942 237 1992 reliquit.
294 1942 508 1991 Exspiranti
536 1942 690 1979 similem
719 1942 879 1979 ministri
906 1954 1020 1979 manu
1039 1942 1242 1991 excipiunt,

84 2007 151 2033 nec
177 1996 264 2034 satis
290 2001 500 2045 compotem
526 1996 661 2033 mentis
689 1995 731 2032 in
757 1995 1036 2033 tabernaculum
1067 1996 1252 2036 deferunt.

82 2048 220 2097 Ingens
251 2049 448 2087 solicitudo
475 2054 513 2087 et
538 2061 656 2098 paene
678 2048 756 2096 jam
783 2049 907 2087 luctus
933 2049 974 2085 in
1001 2051 1130 2088 castris
1157 2056 1251 2090 erat.

81 2102 230 2140 Flentes
247 2103 508 2152 querebantur,
537 2103 576 2140 in
596 2106 702 2141 tanto
729 2103 870 2152 impetu
897 2115 1082 2152 cursuque
1109 2116 1248 2150 rerum,

80 2155 199 2195 omnis
227 2156 358 2198 aetatis
384 2168 426 2194 ac
452 2156 650 2194 memoriae
674 2156 914 2194 clarissimum
940 2169 1079 2206 regem,
1108 2169 1184 2195 non
1210 2159 1249 2196 in

80 2211 159 2247 acie
173 2209 316 2255 saltem,
336 2221 414 2247 non
433 2210 481 2247 ab
494 2209 603 2248 hoste
622 2209 820 2259 dejectum,
841 2210 908 2247 sed
925 2210 1138 2249 abluentem
1158 2225 1253 2261 aqua

78 2276 222 2313 corpus,
259 2266 428 2312 ereptum
462 2276 540 2301 esse
567 2268 604 2301 et
640 2264 878 2302 extinctum:
914 2264 1054 2302 instare
1090 2264 1249 2302 Darium

79 2317 257 2355 victorem
275 2321 474 2365 antequam
491 2317 644 2356 vidisset
663 2317 808 2356 hostem
828 2331 837 2355 :
866 2317 936 2356 sibi
964 2318 1113 2357 easdem
1131 2325 1249 2357 terras

77 2383 168 2420 quas
188 2371 347 2410 victores
358 2375 617 2421 peragrassent
630 2371 851 2422 repetendas
871 2385 880 2410 τ
911 2372 1046 2419 omnia,
1066 2377 1131 2410 aut
1150 2372 1248 2422 ipsos
