<?xml version="1.0" encoding="UTF-8"?>
<!DOCTYPE html PUBLIC "-//W3C//DTD XHTML 1.0 Transitional//EN"
    "http://www.w3.org/TR/xhtml1/DTD/xhtml1-transitional.dtd">
<html xmlns="http://www.w3.org/1999/xhtml" xml:lang="en" lang="en">
 <head>
  <title>
</title>
<meta http-equiv="Content-Type" content="text/html;charset=utf-8" />
  <meta name='ocr-system' content='tesseract 3.04.00' />
  <meta name='ocr-capabilities' content='ocr_page ocr_carea ocr_par ocr_line ocrx_word'/>
</head>
<body>
  <div class='ocr_page' id='page_1' title='image "./curriculumlatinu01mont_0318.png"; bbox 0 0 1496 2671; ppageno 0'>
   <div class='ocr_carea' id='block_1_1' title="bbox 217 109 1045 149">
    <p class='ocr_par' dir='ltr' id='par_1_1' title="bbox 217 109 1045 149">
     <span class='ocr_line' id='line_1_1' title="bbox 217 109 1045 149; baseline 0 -1"><span class='ocrx_word' id='word_1_1' title='bbox 217 112 266 149; x_wconf 64' lang='lat' dir='ltr'>1ss</span> <span class='ocrx_word' id='word_1_2' title='bbox 575 109 870 149; x_wconf 78' lang='lat' dir='ltr'><strong>AGRICOLAE</strong></span> <span class='ocrx_word' id='word_1_3' title='bbox 898 110 1045 149; x_wconf 73' lang='lat' dir='ltr'>VITA,</span> 
     </span>
    </p>
   </div>
   <div class='ocr_carea' id='block_1_2' title="bbox 189 217 1397 2418">
    <p class='ocr_par' dir='ltr' id='par_1_2' title="bbox 205 217 1397 752">
     <span class='ocr_line' id='line_1_2' title="bbox 210 217 1397 269; baseline 0.003 -14"><span class='ocrx_word' id='word_1_4' title='bbox 210 219 340 265; x_wconf 79' lang='lat' dir='ltr'>hiems,</span> <span class='ocrx_word' id='word_1_5' title='bbox 361 225 399 258; x_wconf 88' lang='lat' dir='ltr'>et</span> <span class='ocrx_word' id='word_1_6' title='bbox 427 218 498 257; x_wconf 90' lang='lat' dir='ltr'>sibi</span> <span class='ocrx_word' id='word_1_7' title='bbox 526 218 683 268; x_wconf 84' lang='lat' dir='ltr'>quisque</span> <span class='ocrx_word' id='word_1_8' title='bbox 708 218 896 267; x_wconf 84' lang='lat' dir='ltr'>praesidio,</span> <span class='ocrx_word' id='word_1_9' title='bbox 915 218 1040 257; x_wconf 88' lang='lat' dir='ltr'>inritis</span> <span class='ocrx_word' id='word_1_10' title='bbox 1066 217 1251 265; x_wconf 82' lang='lat' dir='ltr'><strong>hostibus,</strong></span> <span class='ocrx_word' id='word_1_11' title='bbox 1277 231 1397 269; x_wconf 86' lang='lat' dir='ltr'>eoque</span> 
     </span>
     <span class='ocr_line' id='line_1_3' title="bbox 210 271 1394 323; baseline 0.001 -14"><span class='ocrx_word' id='word_1_12' title='bbox 210 272 508 321; x_wconf 79' lang='lat' dir='ltr'>desperantibus,</span> <span class='ocrx_word' id='word_1_13' title='bbox 537 272 624 320; x_wconf 86' lang='lat' dir='ltr'>quia</span> <span class='ocrx_word' id='word_1_14' title='bbox 650 271 751 310; x_wconf 89' lang='lat' dir='ltr'>soliti</span> <span class='ocrx_word' id='word_1_15' title='bbox 777 273 998 323; x_wconf 89' lang='lat' dir='ltr'>plerumque</span> <span class='ocrx_word' id='word_1_16' title='bbox 1017 272 1154 310; x_wconf 86' lang='lat' dir='ltr'>damna</span> <span class='ocrx_word' id='word_1_17' title='bbox 1171 272 1309 311; x_wconf 81' lang='lat' dir='ltr'>aestatis</span> <span class='ocrx_word' id='word_1_18' title='bbox 1336 273 1394 310; x_wconf 88' lang='lat' dir='ltr'>hi-</span> 
     </span>
     <span class='ocr_line' id='line_1_4' title="bbox 212 325 1396 376; baseline 0.003 -14"><span class='ocrx_word' id='word_1_19' title='bbox 212 326 336 363; x_wconf 86' lang='lat' dir='ltr'>bernis</span> <span class='ocrx_word' id='word_1_20' title='bbox 355 327 554 365; x_wconf 83' lang='lat' dir='ltr'><strong>eventibus</strong></span> <span class='ocrx_word' id='word_1_21' title='bbox 573 338 740 375; x_wconf 88' lang='lat' dir='ltr'>pensare,</span> <span class='ocrx_word' id='word_1_22' title='bbox 762 331 843 364; x_wconf 90' lang='lat' dir='ltr'>tum</span> <span class='ocrx_word' id='word_1_23' title='bbox 863 332 994 365; x_wconf 84' lang='lat' dir='ltr'>aestate</span> <span class='ocrx_word' id='word_1_24' title='bbox 1013 331 1125 375; x_wconf 88' lang='lat' dir='ltr'>atque</span> <span class='ocrx_word' id='word_1_25' title='bbox 1143 326 1266 363; x_wconf 88' lang='lat' dir='ltr'>hieme</span> <span class='ocrx_word' id='word_1_26' title='bbox 1281 325 1396 376; x_wconf 81' lang='lat' dir='ltr'>juxta</span> 
     </span>
     <span class='ocr_line' id='line_1_5' title="bbox 210 379 1394 429; baseline 0.002 -13"><span class='ocrx_word' id='word_1_27' title='bbox 210 379 462 428; x_wconf 81' lang='lat' dir='ltr'>pellebantur.</span> <span class='ocrx_word' id='word_1_28' title='bbox 518 380 601 416; x_wconf 83' lang='lat' dir='ltr'>Nec</span> <span class='ocrx_word' id='word_1_29' title='bbox 637 380 818 428; x_wconf 82' lang='lat' dir='ltr'><strong>Agricola</strong></span> <span class='ocrx_word' id='word_1_30' title='bbox 855 392 1021 428; x_wconf 87' lang='lat' dir='ltr'>unquam</span> <span class='ocrx_word' id='word_1_31' title='bbox 1055 392 1124 429; x_wconf 90' lang='lat' dir='ltr'>per</span> <span class='ocrx_word' id='word_1_32' title='bbox 1158 379 1250 417; x_wconf 88' lang='lat' dir='ltr'>alios</span> <span class='ocrx_word' id='word_1_33' title='bbox 1286 384 1394 429; x_wconf 87' lang='lat' dir='ltr'>gesta</span> 
     </span>
     <span class='ocr_line' id='line_1_6' title="bbox 211 433 1393 483; baseline 0.002 -14"><span class='ocrx_word' id='word_1_34' title='bbox 211 433 343 470; x_wconf 86' lang='lat' dir='ltr'>avidus</span> <span class='ocrx_word' id='word_1_35' title='bbox 371 433 597 483; x_wconf 78' lang='lat' dir='ltr'>intercepit:</span> <span class='ocrx_word' id='word_1_36' title='bbox 627 446 694 471; x_wconf 91' lang='lat' dir='ltr'>seu</span> <span class='ocrx_word' id='word_1_37' title='bbox 721 435 904 479; x_wconf 88' lang='lat' dir='ltr'>centurio,</span> <span class='ocrx_word' id='word_1_38' title='bbox 934 446 1002 471; x_wconf 90' lang='lat' dir='ltr'>seu</span> <span class='ocrx_word' id='word_1_39' title='bbox 1029 433 1242 483; x_wconf 77' lang='lat' dir='ltr'>praefectus,</span> <span class='ocrx_word' id='word_1_40' title='bbox 1269 434 1393 472; x_wconf 90' lang='lat' dir='ltr'>incor-</span> 
     </span>
     <span class='ocr_line' id='line_1_7' title="bbox 208 487 1394 537; baseline 0.001 -14"><span class='ocrx_word' id='word_1_41' title='bbox 208 491 362 536; x_wconf 88' lang='lat' dir='ltr'>ruptum</span> <span class='ocrx_word' id='word_1_42' title='bbox 389 487 480 526; x_wconf 84' lang='lat' dir='ltr'>facti</span> <span class='ocrx_word' id='word_1_43' title='bbox 503 492 640 525; x_wconf 88' lang='lat' dir='ltr'>testem</span> <span class='ocrx_word' id='word_1_44' title='bbox 659 487 832 525; x_wconf 86' lang='lat' dir='ltr'>habebat.</span> <span class='ocrx_word' id='word_1_45' title='bbox 888 487 1007 537; x_wconf 87' lang='lat' dir='ltr'>Apud</span> <span class='ocrx_word' id='word_1_46' title='bbox 1025 487 1206 537; x_wconf 88' lang='lat' dir='ltr'>quosdam</span> <span class='ocrx_word' id='word_1_47' title='bbox 1225 488 1394 526; x_wconf 77' lang='lat' dir='ltr'>acerbior</span> 
     </span>
     <span class='ocr_line' id='line_1_8' title="bbox 205 540 1392 586; baseline 0.002 -9"><span class='ocrx_word' id='word_1_48' title='bbox 205 540 245 577; x_wconf 88' lang='lat' dir='ltr'>in</span> <span class='ocrx_word' id='word_1_49' title='bbox 261 541 438 578; x_wconf 90' lang='lat' dir='ltr'>conviciis</span> <span class='ocrx_word' id='word_1_50' title='bbox 456 542 682 579; x_wconf 77' lang='lat' dir='ltr'>narrabatur</span> <span class='ocrx_word' id='word_1_51' title='bbox 698 555 705 579; x_wconf 93' lang='lat'>:</span> <span class='ocrx_word' id='word_1_52' title='bbox 727 546 771 580; x_wconf 91' lang='lat' dir='ltr'>ut</span> <span class='ocrx_word' id='word_1_53' title='bbox 784 545 864 578; x_wconf 87' lang='lat' dir='ltr'>erat</span> <span class='ocrx_word' id='word_1_54' title='bbox 878 540 987 578; x_wconf 85' lang='lat' dir='ltr'>bonis</span> <span class='ocrx_word' id='word_1_55' title='bbox 1002 540 1128 586; x_wconf 87' lang='lat' dir='ltr'>comis,</span> <span class='ocrx_word' id='word_1_56' title='bbox 1146 540 1201 578; x_wconf 88' lang='lat' dir='ltr'>ita</span> <span class='ocrx_word' id='word_1_57' title='bbox 1214 541 1392 579; x_wconf 86' lang='lat' dir='ltr'>adversus</span> 
     </span>
     <span class='ocr_line' id='line_1_9' title="bbox 206 593 1392 644; baseline 0.003 -14"><span class='ocrx_word' id='word_1_58' title='bbox 206 594 323 631; x_wconf 88' lang='lat' dir='ltr'>malos</span> <span class='ocrx_word' id='word_1_59' title='bbox 337 594 568 644; x_wconf 89' lang='lat' dir='ltr'>injucundus</span> <span class='ocrx_word' id='word_1_60' title='bbox 583 608 592 640; x_wconf 82' lang='lat'>3</span> <span class='ocrx_word' id='word_1_61' title='bbox 609 601 775 634; x_wconf 89' lang='lat' dir='ltr'>ceterum</span> <span class='ocrx_word' id='word_1_62' title='bbox 788 608 834 632; x_wconf 82' lang='lat' dir='ltr'>ex</span> <span class='ocrx_word' id='word_1_63' title='bbox 853 594 1050 632; x_wconf 82' lang='lat' dir='ltr'>iracundia</span> <span class='ocrx_word' id='word_1_64' title='bbox 1066 593 1162 631; x_wconf 88' lang='lat' dir='ltr'>nihil</span> <span class='ocrx_word' id='word_1_65' title='bbox 1181 600 1392 644; x_wconf 85' lang='lat' dir='ltr'>supererat:</span> 
     </span>
     <span class='ocr_line' id='line_1_10' title="bbox 205 647 1392 698; baseline 0.004 -15"><span class='ocrx_word' id='word_1_66' title='bbox 205 653 389 685; x_wconf 80' lang='lat' dir='ltr'>secretum</span> <span class='ocrx_word' id='word_1_67' title='bbox 404 654 443 686; x_wconf 86' lang='lat' dir='ltr'>et</span> <span class='ocrx_word' id='word_1_68' title='bbox 462 649 652 688; x_wconf 86' lang='lat' dir='ltr'>silentium</span> <span class='ocrx_word' id='word_1_69' title='bbox 672 649 752 697; x_wconf 89' lang='lat' dir='ltr'>ejus</span> <span class='ocrx_word' id='word_1_70' title='bbox 771 661 849 685; x_wconf 87' lang='lat' dir='ltr'>non</span> <span class='ocrx_word' id='word_1_71' title='bbox 864 648 1037 686; x_wconf 88' lang='lat' dir='ltr'>timeres:</span> <span class='ocrx_word' id='word_1_72' title='bbox 1067 647 1262 687; x_wconf 79' lang='lat' dir='ltr'>honestius</span> <span class='ocrx_word' id='word_1_73' title='bbox 1280 655 1392 698; x_wconf 83' lang='lat' dir='ltr'>puta·-</span> 
     </span>
     <span class='ocr_line' id='line_1_11' title="bbox 207 702 775 752; baseline 0.004 -17"><span class='ocrx_word' id='word_1_74' title='bbox 207 702 269 739; x_wconf 73' lang='lat' dir='ltr'>hat</span> <span class='ocrx_word' id='word_1_75' title='bbox 286 702 486 748; x_wconf 87' lang='lat' dir='ltr'>offendere,</span> <span class='ocrx_word' id='word_1_76' title='bbox 508 716 619 752; x_wconf 85' lang='lat' dir='ltr'>quam</span> <span class='ocrx_word' id='word_1_77' title='bbox 639 704 775 740; x_wconf 84' lang='lat' dir='ltr'>odisse.</span> 
     </span>
    </p>

    <p class='ocr_par' dir='ltr' id='par_1_3' title="bbox 199 755 1391 1178">
     <span class='ocr_line' id='line_1_12' title="bbox 259 755 1391 805; baseline 0.002 -13"><span class='ocrx_word' id='word_1_78' title='bbox 259 755 409 793; x_wconf 85' lang='lat' dir='ltr'>XXIII.</span> <span class='ocrx_word' id='word_1_79' title='bbox 439 757 586 802; x_wconf 78' lang='lat' dir='ltr'>Quarta</span> <span class='ocrx_word' id='word_1_80' title='bbox 621 761 732 794; x_wconf 85' lang='lat' dir='ltr'>aestas</span> <span class='ocrx_word' id='word_1_81' title='bbox 767 755 995 802; x_wconf 86' lang='lat' dir='ltr'>obtinendis,</span> <span class='ocrx_word' id='word_1_82' title='bbox 1035 768 1118 805; x_wconf 86' lang='lat' dir='ltr'>quae</span> <span class='ocrx_word' id='word_1_83' title='bbox 1143 760 1391 805; x_wconf 80' lang='lat' dir='ltr'>percurrerat,</span> 
     </span>
     <span class='ocr_line' id='line_1_13' title="bbox 204 808 1387 859; baseline 0.003 -15"><span class='ocrx_word' id='word_1_84' title='bbox 204 809 395 859; x_wconf 84' lang='lat' dir='ltr'>insumpta</span> <span class='ocrx_word' id='word_1_85' title='bbox 415 824 423 847; x_wconf 89' lang='lat'>:</span> <span class='ocrx_word' id='word_1_86' title='bbox 453 823 496 847; x_wconf 88' lang='lat' dir='ltr'>ac</span> <span class='ocrx_word' id='word_1_87' title='bbox 515 811 546 847; x_wconf 91' lang='lat' dir='ltr'>si</span> <span class='ocrx_word' id='word_1_88' title='bbox 564 811 685 848; x_wconf 86' lang='lat' dir='ltr'>virtus</span> <span class='ocrx_word' id='word_1_89' title='bbox 704 810 949 856; x_wconf 83' lang='lat' dir='ltr'>exercituum,</span> <span class='ocrx_word' id='word_1_90' title='bbox 971 814 1010 848; x_wconf 89' lang='lat' dir='ltr'>et</span> <span class='ocrx_word' id='word_1_91' title='bbox 1030 808 1197 847; x_wconf 89' lang='lat' dir='ltr'>Romani</span> <span class='ocrx_word' id='word_1_92' title='bbox 1223 810 1387 847; x_wconf 88' lang='lat' dir='ltr'>nominis</span> 
     </span>
     <span class='ocr_line' id='line_1_14' title="bbox 202 862 1386 913; baseline 0.001 -14"><span class='ocrx_word' id='word_1_93' title='bbox 202 862 324 910; x_wconf 83' lang='lat' dir='ltr'>gloria,</span> <span class='ocrx_word' id='word_1_94' title='bbox 350 868 555 912; x_wconf 86' lang='lat' dir='ltr'>pateretur,</span> <span class='ocrx_word' id='word_1_95' title='bbox 583 864 761 902; x_wconf 85' lang='lat' dir='ltr'>inventus</span> <span class='ocrx_word' id='word_1_96' title='bbox 787 863 827 900; x_wconf 90' lang='lat' dir='ltr'>in</span> <span class='ocrx_word' id='word_1_97' title='bbox 855 864 936 913; x_wconf 85' lang='lat' dir='ltr'>ipsa</span> <span class='ocrx_word' id='word_1_98' title='bbox 964 862 1164 901; x_wconf 84' lang='lat' dir='ltr'>Britannia</span> <span class='ocrx_word' id='word_1_99' title='bbox 1188 863 1386 901; x_wconf 85' lang='lat' dir='ltr'>terminus.</span> 
     </span>
     <span class='ocr_line' id='line_1_15' title="bbox 201 915 1388 966; baseline 0.002 -14"><span class='ocrx_word' id='word_1_100' title='bbox 201 915 300 953; x_wconf 87' lang='lat' dir='ltr'>Nam</span> <span class='ocrx_word' id='word_1_101' title='bbox 322 916 437 955; x_wconf 88' lang='lat' dir='ltr'>Clota</span> <span class='ocrx_word' id='word_1_102' title='bbox 462 922 500 955; x_wconf 83' lang='lat' dir='ltr'>et</span> <span class='ocrx_word' id='word_1_103' title='bbox 529 918 724 964; x_wconf 89' lang='lat' dir='ltr'>Bodotria,</span> <span class='ocrx_word' id='word_1_104' title='bbox 755 917 893 955; x_wconf 89' lang='lat' dir='ltr'>diversi</span> <span class='ocrx_word' id='word_1_105' title='bbox 920 917 1032 955; x_wconf 88' lang='lat' dir='ltr'>maris</span> <span class='ocrx_word' id='word_1_106' title='bbox 1051 917 1207 955; x_wconf 87' lang='lat' dir='ltr'>aestibus</span> <span class='ocrx_word' id='word_1_107' title='bbox 1223 929 1294 966; x_wconf 89' lang='lat' dir='ltr'>per</span> <span class='ocrx_word' id='word_1_108' title='bbox 1319 917 1388 954; x_wconf 90' lang='lat' dir='ltr'>im-</span> 
     </span>
     <span class='ocr_line' id='line_1_16' title="bbox 202 970 1388 1021; baseline 0.002 -15"><span class='ocrx_word' id='word_1_109' title='bbox 202 982 372 1007; x_wconf 86' lang='lat' dir='ltr'>mensum</span> <span class='ocrx_word' id='word_1_110' title='bbox 391 975 562 1017; x_wconf 84' lang='lat' dir='ltr'>revectae,</span> <span class='ocrx_word' id='word_1_111' title='bbox 589 976 753 1021; x_wconf 88' lang='lat' dir='ltr'>angusto</span> <span class='ocrx_word' id='word_1_112' title='bbox 780 976 966 1009; x_wconf 85' lang='lat' dir='ltr'>terrarum</span> <span class='ocrx_word' id='word_1_113' title='bbox 994 971 1116 1020; x_wconf 86' lang='lat' dir='ltr'>spatio</span> <span class='ocrx_word' id='word_1_114' title='bbox 1133 970 1388 1008; x_wconf 86' lang='lat' dir='ltr'>dirimuntur:</span> 
     </span>
     <span class='ocr_line' id='line_1_17' title="bbox 202 1024 1391 1074; baseline 0 -13"><span class='ocrx_word' id='word_1_115' title='bbox 202 1024 301 1071; x_wconf 85' lang='lat' dir='ltr'>quod</span> <span class='ocrx_word' id='word_1_116' title='bbox 328 1030 411 1062; x_wconf 83' lang='lat' dir='ltr'>tum</span> <span class='ocrx_word' id='word_1_117' title='bbox 439 1026 623 1074; x_wconf 86' lang='lat' dir='ltr'>praesidiis</span> <span class='ocrx_word' id='word_1_118' title='bbox 652 1025 901 1063; x_wconf 84' lang='lat' dir='ltr'>firmabatur:</span> <span class='ocrx_word' id='word_1_119' title='bbox 932 1030 1045 1073; x_wconf 82' lang='lat' dir='ltr'>atque</span> <span class='ocrx_word' id='word_1_120' title='bbox 1081 1024 1202 1062; x_wconf 89' lang='lat' dir='ltr'>omnis</span> <span class='ocrx_word' id='word_1_121' title='bbox 1237 1024 1391 1074; x_wconf 83' lang='lat' dir='ltr'>propior</span> 
     </span>
     <span class='ocr_line' id='line_1_18' title="bbox 199 1078 1389 1125; baseline 0.002 -12"><span class='ocrx_word' id='word_1_122' title='bbox 199 1079 302 1114; x_wconf 85' lang='lat' dir='ltr'>sinus</span> <span class='ocrx_word' id='word_1_123' title='bbox 324 1079 536 1125; x_wconf 83' lang='lat' dir='ltr'>tenebatur,</span> <span class='ocrx_word' id='word_1_124' title='bbox 557 1080 752 1117; x_wconf 84' lang='lat' dir='ltr'>summotis</span> <span class='ocrx_word' id='word_1_125' title='bbox 780 1079 884 1116; x_wconf 87' lang='lat' dir='ltr'>velut</span> <span class='ocrx_word' id='word_1_126' title='bbox 903 1079 943 1114; x_wconf 88' lang='lat' dir='ltr'>in</span> <span class='ocrx_word' id='word_1_127' title='bbox 962 1078 1073 1115; x_wconf 82' lang='lat' dir='ltr'>aliam</span> <span class='ocrx_word' id='word_1_128' title='bbox 1091 1078 1252 1115; x_wconf 89' lang='lat' dir='ltr'>insulam</span> <span class='ocrx_word' id='word_1_129' title='bbox 1270 1078 1389 1116; x_wconf 89' lang='lat' dir='ltr'>hosti·</span> 
     </span>
     <span class='ocr_line' id='line_1_19' title="bbox 199 1131 445 1178; baseline 0.012 -11"><span class='ocrx_word' id='word_1_130' title='bbox 199 1131 312 1168; x_wconf 85' lang='lat' dir='ltr'>tibus.</span> <span class='ocrx_word' id='word_1_131' title='bbox 441 1174 445 1178; x_wconf 39' lang='grc'>,</span> 
     </span>
    </p>

    <p class='ocr_par' dir='ltr' id='par_1_4' title="bbox 189 1184 1386 2138">
     <span class='ocr_line' id='line_1_20' title="bbox 255 1184 1384 1235; baseline 0.001 -14"><span class='ocrx_word' id='word_1_132' title='bbox 255 1185 400 1223; x_wconf 81' lang='lat' dir='ltr'>XXIV.</span> <span class='ocrx_word' id='word_1_133' title='bbox 432 1186 579 1231; x_wconf 79' lang='lat' dir='ltr'>Quinto</span> <span class='ocrx_word' id='word_1_134' title='bbox 625 1185 908 1235; x_wconf 82' lang='lat' dir='ltr'>expeditionum</span> <span class='ocrx_word' id='word_1_135' title='bbox 955 1197 1066 1231; x_wconf 90' lang='lat' dir='ltr'>anno,</span> <span class='ocrx_word' id='word_1_136' title='bbox 1119 1196 1214 1221; x_wconf 89' lang='lat' dir='ltr'>nave</span> <span class='ocrx_word' id='word_1_137' title='bbox 1264 1184 1384 1234; x_wconf 83' lang='lat' dir='ltr'>prima</span> 
     </span>
     <span class='ocr_line' id='line_1_21' title="bbox 196 1236 1386 1288; baseline 0.002 -14"><span class='ocrx_word' id='word_1_138' title='bbox 196 1244 462 1288; x_wconf 83' lang='lat' dir='ltr'>transgressus,</span> <span class='ocrx_word' id='word_1_139' title='bbox 472 1241 621 1288; x_wconf 83' lang='lat' dir='ltr'>ignotas</span> <span class='ocrx_word' id='word_1_140' title='bbox 638 1241 686 1278; x_wconf 87' lang='lat' dir='ltr'>ad</span> <span class='ocrx_word' id='word_1_141' title='bbox 701 1239 740 1276; x_wconf 89' lang='lat' dir='ltr'>id</span> <span class='ocrx_word' id='word_1_142' title='bbox 756 1244 903 1288; x_wconf 88' lang='lat' dir='ltr'>tempus</span> <span class='ocrx_word' id='word_1_143' title='bbox 915 1245 1050 1287; x_wconf 85' lang='lat' dir='ltr'>gentes</span> <span class='ocrx_word' id='word_1_144' title='bbox 1064 1238 1205 1275; x_wconf 83' lang='lat' dir='ltr'>crebris</span> <span class='ocrx_word' id='word_1_145' title='bbox 1219 1236 1386 1276; x_wconf 87' lang='lat' dir='ltr'>simulac</span> 
     </span>
     <span class='ocr_line' id='line_1_22' title="bbox 199 1290 1381 1342; baseline 0 -15"><span class='ocrx_word' id='word_1_146' title='bbox 199 1293 383 1341; x_wconf 82' lang='lat' dir='ltr'>prosperis</span> <span class='ocrx_word' id='word_1_147' title='bbox 419 1295 557 1342; x_wconf 85' lang='lat' dir='ltr'>proeliis</span> <span class='ocrx_word' id='word_1_148' title='bbox 585 1293 755 1331; x_wconf 88' lang='lat' dir='ltr'>domuit:</span> <span class='ocrx_word' id='word_1_149' title='bbox 800 1305 957 1340; x_wconf 84' lang='lat' dir='ltr'>eamque</span> <span class='ocrx_word' id='word_1_150' title='bbox 983 1296 1130 1341; x_wconf 87' lang='lat' dir='ltr'>partem</span> <span class='ocrx_word' id='word_1_151' title='bbox 1158 1290 1381 1338; x_wconf 84' lang='lat' dir='ltr'>Britanniae,</span> 
     </span>
     <span class='ocr_line' id='line_1_23' title="bbox 199 1345 1383 1397; baseline 0.003 -17"><span class='ocrx_word' id='word_1_152' title='bbox 199 1358 277 1392; x_wconf 79' lang='lat' dir='ltr'>quae</span> <span class='ocrx_word' id='word_1_153' title='bbox 298 1346 524 1384; x_wconf 82' lang='lat' dir='ltr'>Hiberniam</span> <span class='ocrx_word' id='word_1_154' title='bbox 543 1348 685 1397; x_wconf 84' lang='lat' dir='ltr'>aspicit,</span> <span class='ocrx_word' id='word_1_155' title='bbox 715 1346 831 1395; x_wconf 87' lang='lat' dir='ltr'>copiis</span> <span class='ocrx_word' id='word_1_156' title='bbox 850 1346 1042 1390; x_wconf 86' lang='lat' dir='ltr'>instruxit,</span> <span class='ocrx_word' id='word_1_157' title='bbox 1070 1346 1111 1382; x_wconf 90' lang='lat' dir='ltr'>in</span> <span class='ocrx_word' id='word_1_158' title='bbox 1129 1356 1233 1394; x_wconf 91' lang='lat' dir='ltr'>spem</span> <span class='ocrx_word' id='word_1_159' title='bbox 1251 1345 1383 1394; x_wconf 82' lang='lat' dir='ltr'>magiS,</span> 
     </span>
     <span class='ocr_line' id='line_1_24' title="bbox 196 1398 1383 1448; baseline 0 -12"><span class='ocrx_word' id='word_1_160' title='bbox 196 1412 307 1448; x_wconf 82' lang='lat' dir='ltr'>quam</span> <span class='ocrx_word' id='word_1_161' title='bbox 326 1401 376 1437; x_wconf 92' lang='lat' dir='ltr'>ob</span> <span class='ocrx_word' id='word_1_162' title='bbox 403 1400 640 1438; x_wconf 86' lang='lat' dir='ltr'>formidinem</span> <span class='ocrx_word' id='word_1_163' title='bbox 662 1414 669 1437; x_wconf 93' lang='lat'>:</span> <span class='ocrx_word' id='word_1_164' title='bbox 699 1399 882 1448; x_wconf 87' lang='lat' dir='ltr'>siquidem</span> <span class='ocrx_word' id='word_1_165' title='bbox 910 1398 1110 1445; x_wconf 82' lang='lat' dir='ltr'>Hibernia,</span> <span class='ocrx_word' id='word_1_166' title='bbox 1130 1398 1256 1436; x_wconf 88' lang='lat' dir='ltr'>medio</span> <span class='ocrx_word' id='word_1_167' title='bbox 1283 1398 1383 1437; x_wconf 84' lang='lat' dir='ltr'>inter</span> 
     </span>
     <span class='ocr_line' id='line_1_25' title="bbox 197 1452 1382 1503; baseline 0.001 -14"><span class='ocrx_word' id='word_1_168' title='bbox 197 1454 433 1491; x_wconf 74' lang='lat' dir='ltr'>Britanniam</span> <span class='ocrx_word' id='word_1_169' title='bbox 447 1459 560 1503; x_wconf 82' lang='lat' dir='ltr'>atque</span> <span class='ocrx_word' id='word_1_170' title='bbox 576 1454 800 1503; x_wconf 85' lang='lat' dir='ltr'>Hispaniam</span> <span class='ocrx_word' id='word_1_171' title='bbox 820 1453 902 1498; x_wconf 84' lang='lat' dir='ltr'>sita,</span> <span class='ocrx_word' id='word_1_172' title='bbox 917 1457 956 1491; x_wconf 89' lang='lat' dir='ltr'>et</span> <span class='ocrx_word' id='word_1_173' title='bbox 969 1452 1117 1490; x_wconf 82' lang='lat' dir='ltr'>Gallico</span> <span class='ocrx_word' id='word_1_174' title='bbox 1129 1463 1277 1501; x_wconf 85' lang='lat' dir='ltr'>quoque</span> <span class='ocrx_word' id='word_1_175' title='bbox 1287 1453 1382 1490; x_wconf 87' lang='lat' dir='ltr'>mari</span> 
     </span>
     <span class='ocr_line' id='line_1_26' title="bbox 194 1506 1378 1556; baseline 0 -12"><span class='ocrx_word' id='word_1_176' title='bbox 194 1513 417 1556; x_wconf 82' lang='lat' dir='ltr'>opportuna,</span> <span class='ocrx_word' id='word_1_177' title='bbox 438 1508 730 1547; x_wconf 84' lang='lat' dir='ltr'>valentissimam</span> <span class='ocrx_word' id='word_1_178' title='bbox 744 1507 890 1556; x_wconf 90' lang='lat' dir='ltr'>imperii</span> <span class='ocrx_word' id='word_1_179' title='bbox 905 1511 1051 1555; x_wconf 88' lang='lat' dir='ltr'>partem</span> <span class='ocrx_word' id='word_1_180' title='bbox 1062 1506 1203 1554; x_wconf 85' lang='lat' dir='ltr'>magnis</span> <span class='ocrx_word' id='word_1_181' title='bbox 1216 1506 1378 1544; x_wconf 76' lang='lat' dir='ltr'>invicem</span> 
     </span>
     <span class='ocr_line' id='line_1_27' title="bbox 194 1560 1380 1611; baseline 0 -14"><span class='ocrx_word' id='word_1_182' title='bbox 194 1562 323 1598; x_wconf 87' lang='lat' dir='ltr'>usibus</span> <span class='ocrx_word' id='word_1_183' title='bbox 343 1562 545 1600; x_wconf 85' lang='lat' dir='ltr'>miscuerit.</span> <span class='ocrx_word' id='word_1_184' title='bbox 603 1562 774 1611; x_wconf 88' lang='lat' dir='ltr'>Spatium</span> <span class='ocrx_word' id='word_1_185' title='bbox 795 1561 886 1609; x_wconf 84' lang='lat' dir='ltr'>ejus,</span> <span class='ocrx_word' id='word_1_186' title='bbox 907 1561 939 1598; x_wconf 89' lang='lat' dir='ltr'>si</span> <span class='ocrx_word' id='word_1_187' title='bbox 959 1560 1168 1599; x_wconf 72' lang='lat' dir='ltr'>Britanniae</span> <span class='ocrx_word' id='word_1_188' title='bbox 1186 1572 1380 1610; x_wconf 88' lang='lat' dir='ltr'>compare—</span> 
     </span>
     <span class='ocr_line' id='line_1_28' title="bbox 193 1613 1379 1664; baseline 0 -13"><span class='ocrx_word' id='word_1_189' title='bbox 193 1624 268 1661; x_wconf 84' lang='lat' dir='ltr'>tur,</span> <span class='ocrx_word' id='word_1_190' title='bbox 289 1616 498 1664; x_wconf 81' lang='lat' dir='ltr'>angustius,</span> <span class='ocrx_word' id='word_1_191' title='bbox 515 1616 636 1653; x_wconf 82' lang='lat' dir='ltr'>nostri</span> <span class='ocrx_word' id='word_1_192' title='bbox 651 1615 762 1652; x_wconf 86' lang='lat' dir='ltr'>maris</span> <span class='ocrx_word' id='word_1_193' title='bbox 776 1615 916 1652; x_wconf 82' lang='lat' dir='ltr'>insulas</span> <span class='ocrx_word' id='word_1_194' title='bbox 935 1619 1101 1664; x_wconf 87' lang='lat' dir='ltr'>superat.</span> <span class='ocrx_word' id='word_1_195' title='bbox 1158 1613 1288 1651; x_wconf 92' lang='lat' dir='ltr'>Solum</span> <span class='ocrx_word' id='word_1_196' title='bbox 1307 1626 1379 1651; x_wconf 72' lang='grc' dir='ltr'>οω-</span> 
     </span>
     <span class='ocr_line' id='line_1_29' title="bbox 196 1667 1380 1718; baseline 0.001 -14"><span class='ocrx_word' id='word_1_197' title='bbox 196 1669 356 1716; x_wconf 84' lang='lat' dir='ltr'>lumque,</span> <span class='ocrx_word' id='word_1_198' title='bbox 379 1674 416 1706; x_wconf 84' lang='lat' dir='ltr'>et</span> <span class='ocrx_word' id='word_1_199' title='bbox 435 1669 590 1718; x_wconf 88' lang='lat' dir='ltr'>ingenia</span> <span class='ocrx_word' id='word_1_200' title='bbox 618 1670 816 1718; x_wconf 89' lang='lat' dir='ltr'>cultusque</span> <span class='ocrx_word' id='word_1_201' title='bbox 843 1668 1038 1705; x_wconf 90' lang='lat' dir='ltr'>hominum</span> <span class='ocrx_word' id='word_1_202' title='bbox 1057 1667 1160 1705; x_wconf 89' lang='lat' dir='ltr'>haud</span> <span class='ocrx_word' id='word_1_203' title='bbox 1177 1668 1338 1706; x_wconf 87' lang='lat' dir='ltr'>multum</span> <span class='ocrx_word' id='word_1_204' title='bbox 1357 1681 1380 1705; x_wconf 88' lang='lat' dir='ltr'>a</span> 
     </span>
     <span class='ocr_line' id='line_1_30' title="bbox 200 1722 1378 1771; baseline 0.001 -14"><span class='ocrx_word' id='word_1_205' title='bbox 200 1722 396 1760; x_wconf 77' lang='lat' dir='ltr'>Britannia</span> <span class='ocrx_word' id='word_1_206' title='bbox 423 1723 626 1761; x_wconf 84' lang='lat' dir='ltr'>differunt:</span> <span class='ocrx_word' id='word_1_207' title='bbox 657 1723 790 1760; x_wconf 89' lang='lat' dir='ltr'>melius</span> <span class='ocrx_word' id='word_1_208' title='bbox 823 1722 948 1760; x_wconf 87' lang='lat' dir='ltr'>aditus</span> <span class='ocrx_word' id='word_1_209' title='bbox 967 1726 1172 1771; x_wconf 82' lang='lat' dir='ltr'>portusque</span> <span class='ocrx_word' id='word_1_210' title='bbox 1189 1734 1258 1770; x_wconf 88' lang='lat' dir='ltr'>per</span> <span class='ocrx_word' id='word_1_211' title='bbox 1276 1733 1378 1759; x_wconf 83' lang='lat' dir='ltr'>eom-</span> 
     </span>
     <span class='ocr_line' id='line_1_31' title="bbox 189 1774 1378 1826; baseline 0 -15"><span class='ocrx_word' id='word_1_212' title='bbox 189 1777 326 1814; x_wconf 86' lang='lat' dir='ltr'>mercia</span> <span class='ocrx_word' id='word_1_213' title='bbox 341 1781 378 1813; x_wconf 88' lang='lat' dir='ltr'>et</span> <span class='ocrx_word' id='word_1_214' title='bbox 393 1777 648 1824; x_wconf 86' lang='lat' dir='ltr'>negotiatores</span> <span class='ocrx_word' id='word_1_215' title='bbox 663 1776 818 1826; x_wconf 84' lang='lat' dir='ltr'>cogniti.</span> <span class='ocrx_word' id='word_1_216' title='bbox 874 1776 1056 1825; x_wconf 86' lang='lat' dir='ltr'>Agricola</span> <span class='ocrx_word' id='word_1_217' title='bbox 1068 1775 1262 1824; x_wconf 83' lang='lat' dir='ltr'>expulsum</span> <span class='ocrx_word' id='word_1_218' title='bbox 1279 1774 1378 1812; x_wconf 84' lang='lat' dir='ltr'>sedi-</span> 
     </span>
     <span class='ocr_line' id='line_1_32' title="bbox 189 1829 1378 1879; baseline 0 -13"><span class='ocrx_word' id='word_1_219' title='bbox 189 1831 293 1867; x_wconf 78' lang='lat' dir='ltr'>tione</span> <span class='ocrx_word' id='word_1_220' title='bbox 321 1830 527 1868; x_wconf 86' lang='lat' dir='ltr'>domestica</span> <span class='ocrx_word' id='word_1_221' title='bbox 551 1844 669 1868; x_wconf 91' lang='lat' dir='ltr'>unum</span> <span class='ocrx_word' id='word_1_222' title='bbox 697 1844 744 1868; x_wconf 89' lang='lat' dir='ltr'>ex</span> <span class='ocrx_word' id='word_1_223' title='bbox 773 1830 914 1879; x_wconf 87' lang='lat' dir='ltr'>regulis</span> <span class='ocrx_word' id='word_1_224' title='bbox 950 1829 1069 1878; x_wconf 84' lang='lat' dir='ltr'>gentis</span> <span class='ocrx_word' id='word_1_225' title='bbox 1095 1834 1304 1877; x_wconf 85' lang='lat' dir='ltr'>exceperat,</span> <span class='ocrx_word' id='word_1_226' title='bbox 1334 1841 1378 1866; x_wconf 83' lang='lat' dir='ltr'>ac</span> 
     </span>
     <span class='ocr_line' id='line_1_33' title="bbox 190 1882 1379 1932; baseline -0.001 -13"><span class='ocrx_word' id='word_1_227' title='bbox 190 1885 312 1932; x_wconf 71' lang='lat' dir='ltr'>specie</span> <span class='ocrx_word' id='word_1_228' title='bbox 339 1884 511 1922; x_wconf 76' lang='lat' dir='ltr'>amicitia&gt;</span> <span class='ocrx_word' id='word_1_229' title='bbox 537 1885 578 1922; x_wconf 92' lang='lat' dir='ltr'>in</span> <span class='ocrx_word' id='word_1_230' title='bbox 606 1885 838 1922; x_wconf 82' lang='lat' dir='ltr'>occasionem</span> <span class='ocrx_word' id='word_1_231' title='bbox 865 1884 1065 1922; x_wconf 87' lang='lat' dir='ltr'>retinebat.</span> <span class='ocrx_word' id='word_1_232' title='bbox 1123 1882 1231 1931; x_wconf 83' lang='lat' dir='ltr'>Saepe</span> <span class='ocrx_word' id='word_1_233' title='bbox 1259 1894 1306 1919; x_wconf 85' lang='lat' dir='ltr'>ex</span> <span class='ocrx_word' id='word_1_234' title='bbox 1333 1894 1379 1919; x_wconf 91' lang='lat' dir='ltr'>eo</span> 
     </span>
     <span class='ocr_line' id='line_1_34' title="bbox 192 1935 1376 1986; baseline -0.001 -13"><span class='ocrx_word' id='word_1_235' title='bbox 192 1938 329 1981; x_wconf 83' lang='lat' dir='ltr'>audivi,</span> <span class='ocrx_word' id='word_1_236' title='bbox 346 1938 495 1986; x_wconf 88' lang='lat' dir='ltr'>legione</span> <span class='ocrx_word' id='word_1_237' title='bbox 515 1951 590 1976; x_wconf 88' lang='lat' dir='ltr'>una</span> <span class='ocrx_word' id='word_1_238' title='bbox 608 1946 645 1977; x_wconf 91' lang='lat' dir='ltr'>et</span> <span class='ocrx_word' id='word_1_239' title='bbox 664 1938 820 1975; x_wconf 89' lang='lat' dir='ltr'>modicis</span> <span class='ocrx_word' id='word_1_240' title='bbox 835 1937 984 1974; x_wconf 81' lang='lat' dir='ltr'>auxiliis</span> <span class='ocrx_word' id='word_1_241' title='bbox 998 1935 1177 1973; x_wconf 89' lang='lat' dir='ltr'>debellari</span> <span class='ocrx_word' id='word_1_242' title='bbox 1195 1935 1376 1973; x_wconf 87' lang='lat' dir='ltr'>obtineri·</span> 
     </span>
     <span class='ocr_line' id='line_1_35' title="bbox 192 1988 1376 2041; baseline -0.002 -14"><span class='ocrx_word' id='word_1_243' title='bbox 192 2004 262 2039; x_wconf 84' lang='lat' dir='ltr'>que</span> <span class='ocrx_word' id='word_1_244' title='bbox 274 1991 498 2029; x_wconf 80' lang='lat' dir='ltr'>Hiberniam</span> <span class='ocrx_word' id='word_1_245' title='bbox 512 2005 635 2037; x_wconf 80' lang='lat' dir='ltr'>posse.</span> <span class='ocrx_word' id='word_1_246' title='bbox 689 1990 810 2041; x_wconf 88' lang='lat' dir='ltr'>quue</span> <span class='ocrx_word' id='word_1_247' title='bbox 824 1992 936 2029; x_wconf 84' lang='lat' dir='ltr'>ctiam</span> <span class='ocrx_word' id='word_1_248' title='bbox 950 1990 1127 2027; x_wconf 88' lang='lat' dir='ltr'>adversus</span> <span class='ocrx_word' id='word_1_249' title='bbox 1139 1988 1376 2027; x_wconf 87' lang='lat' dir='ltr'>Britanniam</span> 
     </span>
     <span class='ocr_line' id='line_1_36' title="bbox 194 2042 1378 2095; baseline 0 -15"><span class='ocrx_word' id='word_1_250' title='bbox 194 2046 441 2093; x_wconf 69' lang='lat' dir='ltr'>profuturum,</span> <span class='ocrx_word' id='word_1_251' title='bbox 457 2047 486 2083; x_wconf 90' lang='lat' dir='ltr'>si</span> <span class='ocrx_word' id='word_1_252' title='bbox 503 2047 678 2083; x_wconf 83' lang='lat' dir='ltr'>Romana</span> <span class='ocrx_word' id='word_1_253' title='bbox 693 2047 833 2095; x_wconf 91' lang='lat' dir='ltr'>ubique</span> <span class='ocrx_word' id='word_1_254' title='bbox 852 2056 964 2090; x_wconf 88' lang='lat' dir='ltr'>arma,</span> <span class='ocrx_word' id='word_1_255' title='bbox 975 2048 1014 2082; x_wconf 87' lang='lat' dir='ltr'>et</span> <span class='ocrx_word' id='word_1_256' title='bbox 1034 2042 1139 2081; x_wconf 89' lang='lat' dir='ltr'>velut</span> <span class='ocrx_word' id='word_1_257' title='bbox 1158 2056 1179 2080; x_wconf 92' lang='lat' dir='ltr'>e</span> <span class='ocrx_word' id='word_1_258' title='bbox 1198 2054 1378 2092; x_wconf 87' lang='lat' dir='ltr'>conspec-</span> 
     </span>
     <span class='ocr_line' id='line_1_37' title="bbox 190 2099 631 2138; baseline 0 -2"><span class='ocrx_word' id='word_1_259' title='bbox 190 2107 231 2136; x_wconf 76' lang='lat' dir='ltr'>tu</span> <span class='ocrx_word' id='word_1_260' title='bbox 251 2099 404 2137; x_wconf 84' lang='lat' dir='ltr'>libertas</span> <span class='ocrx_word' id='word_1_261' title='bbox 423 2100 631 2138; x_wconf 88' lang='lat' dir='ltr'>tolleretur.</span> 
     </span>
    </p>

    <p class='ocr_par' dir='ltr' id='par_1_5' title="bbox 189 2149 1377 2418">
     <span class='ocr_line' id='line_1_38' title="bbox 247 2149 1377 2202; baseline -0.002 -14"><span class='ocrx_word' id='word_1_262' title='bbox 247 2152 373 2188; x_wconf 82' lang='lat' dir='ltr'>XXV.</span> <span class='ocrx_word' id='word_1_263' title='bbox 406 2153 583 2191; x_wconf 89' lang='lat' dir='ltr'>Ceterum</span> <span class='ocrx_word' id='word_1_264' title='bbox 613 2157 758 2199; x_wconf 84' lang='lat' dir='ltr'>aestate,</span> <span class='ocrx_word' id='word_1_265' title='bbox 796 2165 870 2202; x_wconf 90' lang='lat' dir='ltr'>qua</span> <span class='ocrx_word' id='word_1_266' title='bbox 906 2155 1055 2188; x_wconf 82' lang='lat' dir='ltr'>sextum</span> <span class='ocrx_word' id='word_1_267' title='bbox 1093 2149 1202 2187; x_wconf 85' lang='lat' dir='ltr'>officii</span> <span class='ocrx_word' id='word_1_268' title='bbox 1235 2161 1377 2187; x_wconf 87' lang='lat' dir='ltr'>annum</span> 
     </span>
     <span class='ocr_line' id='line_1_39' title="bbox 190 2202 1372 2256; baseline -0.001 -15"><span class='ocrx_word' id='word_1_269' title='bbox 190 2206 401 2251; x_wconf 80' lang='lat' dir='ltr'>inchoabat,</span> <span class='ocrx_word' id='word_1_270' title='bbox 419 2208 612 2256; x_wconf 86' lang='lat' dir='ltr'>amplexus</span> <span class='ocrx_word' id='word_1_271' title='bbox 627 2208 797 2244; x_wconf 86' lang='lat' dir='ltr'>civitates</span> <span class='ocrx_word' id='word_1_272' title='bbox 811 2211 916 2243; x_wconf 85' lang='lat' dir='ltr'>trans</span> <span class='ocrx_word' id='word_1_273' title='bbox 931 2203 1153 2242; x_wconf 86' lang='lat' dir='ltr'>Bodotriam</span> <span class='ocrx_word' id='word_1_274' title='bbox 1169 2203 1270 2249; x_wconf 86' lang='lat' dir='ltr'>sitas,</span> <span class='ocrx_word' id='word_1_275' title='bbox 1286 2202 1372 2252; x_wconf 86' lang='lat' dir='ltr'>quia</span> 
     </span>
     <span class='ocr_line' id='line_1_40' title="bbox 192 2257 1373 2309; baseline -0.002 -14"><span class='ocrx_word' id='word_1_276' title='bbox 192 2266 315 2297; x_wconf 84' lang='lat' dir='ltr'>motus</span> <span class='ocrx_word' id='word_1_277' title='bbox 331 2260 587 2297; x_wconf 87' lang='lat' dir='ltr'>universarum</span> <span class='ocrx_word' id='word_1_278' title='bbox 603 2261 702 2298; x_wconf 85' lang='lat' dir='ltr'>ultra</span> <span class='ocrx_word' id='word_1_279' title='bbox 714 2259 898 2309; x_wconf 87' lang='lat' dir='ltr'>gentium,</span> <span class='ocrx_word' id='word_1_280' title='bbox 915 2263 953 2296; x_wconf 89' lang='lat' dir='ltr'>et</span> <span class='ocrx_word' id='word_1_281' title='bbox 971 2258 1108 2296; x_wconf 86' lang='lat' dir='ltr'>infesta</span> <span class='ocrx_word' id='word_1_282' title='bbox 1121 2257 1251 2295; x_wconf 79' lang='lat' dir='ltr'>hostili</span> <span class='ocrx_word' id='word_1_283' title='bbox 1264 2268 1373 2294; x_wconf 82' lang='lat' dir='ltr'>exer-</span> 
     </span>
     <span class='ocr_line' id='line_1_41' title="bbox 191 2310 1370 2363; baseline -0.003 -14"><span class='ocrx_word' id='word_1_284' title='bbox 191 2313 266 2351; x_wconf 86' lang='lat' dir='ltr'>citu</span> <span class='ocrx_word' id='word_1_285' title='bbox 294 2313 429 2351; x_wconf 88' lang='lat' dir='ltr'>itinera</span> <span class='ocrx_word' id='word_1_286' title='bbox 454 2314 698 2359; x_wconf 85' lang='lat' dir='ltr'>timebantur,</span> <span class='ocrx_word' id='word_1_287' title='bbox 719 2320 850 2363; x_wconf 88' lang='lat' dir='ltr'>portus</span> <span class='ocrx_word' id='word_1_288' title='bbox 878 2313 993 2350; x_wconf 90' lang='lat' dir='ltr'>classe</span> <span class='ocrx_word' id='word_1_289' title='bbox 1021 2310 1257 2361; x_wconf 82' lang='lat' dir='ltr'>exploravit:</span> <span class='ocrx_word' id='word_1_290' title='bbox 1288 2320 1370 2358; x_wconf 89' lang='lat' dir='ltr'>quae</span> 
     </span>
     <span class='ocr_line' id='line_1_42' title="bbox 189 2364 1372 2418; baseline -0.003 -15"><span class='ocrx_word' id='word_1_291' title='bbox 189 2367 236 2403; x_wconf 77' lang='lat' dir='ltr'>ab</span> <span class='ocrx_word' id='word_1_292' title='bbox 256 2367 435 2416; x_wconf 88' lang='lat' dir='ltr'>Agricola</span> <span class='ocrx_word' id='word_1_293' title='bbox 449 2368 614 2418; x_wconf 89' lang='lat' dir='ltr'>primum</span> <span class='ocrx_word' id='word_1_294' title='bbox 633 2367 831 2418; x_wconf 85' lang='lat' dir='ltr'>absumpta</span> <span class='ocrx_word' id='word_1_295' title='bbox 848 2367 889 2404; x_wconf 90' lang='lat' dir='ltr'>in</span> <span class='ocrx_word' id='word_1_296' title='bbox 908 2371 1052 2417; x_wconf 84' lang='lat' dir='ltr'>partem</span> <span class='ocrx_word' id='word_1_297' title='bbox 1073 2364 1221 2411; x_wconf 85' lang='lat' dir='ltr'>virium,</span> <span class='ocrx_word' id='word_1_298' title='bbox 1241 2374 1372 2413; x_wconf 84' lang='lat' dir='ltr'>seque-</span> 
     </span>
    </p>
   </div>
  </div>
 </body>
</html>
