1496 2671
211 171 265 210 28
572 172 866 211 AGRICOLAE
898 173 1045 211 VITA.

206 280 312 316 firmo
339 278 527 324 desiderio,
557 284 594 316 et
622 280 859 317 muliebribus
886 280 1069 327 lamentis,
1098 278 1145 316 ad
1174 278 1402 328 contempla-

208 333 347 370 tionem
375 333 548 371 virtutum
577 339 719 370 tuaium
738 345 863 381 voces,
883 346 976 384 quas
995 345 1116 384 neque
1135 333 1260 381 lugeri,
1282 343 1403 381 neque

206 386 327 436 plangi
354 385 409 423 sas
426 391 508 425 est:
540 386 778 424 admiratione
805 392 840 424 te
868 389 1000 437 potius,
1030 386 1294 437 temporalibus
1311 384 1401 422 lau·

210 439 328 487 dibus,
347 445 395 485 et,
416 440 446 477 si
466 446 596 478 natura
614 441 831 491 suppeditet,
844 440 1078 479 similitudine
1096 440 1326 477 decoremus.
1364 436 1403 476 Is

210 505 320 530 verus
339 492 469 539 honos,
487 506 533 531 ea
552 493 843 557 conjunctissimi
873 494 1055 544 cujusque
1073 495 1202 555 pietas.
1258 492 1302 529 Id
1318 491 1402 530 filiae

214 558 360 608 quoque
378 547 561 597 uxorique
580 550 833 599 praeceperim,
847 549 900 585 sic
918 549 1041 598 patriS,
1057 548 1110 585 sic
1129 547 1245 584 mariti
1263 557 1404 583 memo—

210 602 303 639 riam
322 601 500 648 venerari,
519 609 557 640 ut
576 602 699 639 omnia
728 601 824 640 sacta
852 601 1023 651 dictaque
1039 600 1122 650 ejus
1140 612 1268 638 secum
1285 599 1402 637 revol-

210 660 311 700 vant,
333 653 546 704 famamque
565 668 611 692 ac
630 656 782 705 figuram
810 656 923 692 animi
952 656 1080 704 magis,
1100 666 1211 704 quam
1230 654 1402 702 corporis,

213 708 534 757 complectantur:
574 721 647 746 non
655 686 764 758 bquia
793 708 1093 746 intercedendum
1123 713 1248 758 putem
1274 707 1402 755 imagi-

210 761 333 808 nibus,
360 775 443 812 quae
473 774 667 809 marmore,
697 769 761 799 aut
788 774 859 801 aere
888 762 1094 811 finguntur:
1124 761 1187 800 sed
1216 767 1255 797 ut
1281 759 1404 797 vultus

210 814 419 862 hominum,
448 817 496 852 ita
538 817 736 853 simulacra
778 817 900 854 vultus
939 816 1123 853 imbecilla
1163 827 1209 852 ac
1238 812 1404 850 mortalia

211 875 309 914 sunt,
337 869 453 906 forma
482 870 613 907 mentis
641 876 806 908 aeterna:
844 882 956 919 quam
983 876 1106 907 tenere
1133 876 1171 906 et
1195 867 1404 917 exprimere

211 934 285 960 non
305 934 371 972 per
390 923 549 960 alienam
566 924 758 960 materiam
776 932 813 961 et
840 930 968 970 artem,
997 923 1062 961 sed
1089 923 1160 960 tuis
1186 924 1266 972 ipse
1294 920 1404 957 mori-

212 976 280 1013 bus
307 976 439 1025 possis.
497 976 686 1027 Quidquid
714 989 765 1014 ex
785 977 958 1027 Agricola
986 977 1209 1022 amavimus,
1229 971 1404 1024 quidquid

210 1031 328 1067 mirati
349 1042 489 1078 sumus,
510 1037 647 1079 manet,
668 1043 956 1080 mansurumque
984 1038 1039 1069 est
1065 1032 1103 1068 in
1122 1029 1254 1067 animis
1280 1026 1403 1066 homi·

211 1095 313 1130 num,
334 1084 371 1120 in
391 1086 591 1123 aeternitate
610 1091 832 1135 temporum,
859 1085 960 1123 fama
987 1097 1119 1123 rerum.
1176 1083 1278 1122 Nam
1307 1080 1403 1118 mul-

210 1144 265 1174 tos
284 1144 462 1185 veterum,
482 1140 581 1176 velut
608 1139 775 1189 inglorios
801 1146 837 1177 et
864 1139 1052 1188 ignobiles,
1081 1138 1216 1176 oblivio
1243 1137 1372 1173 obruet
1392 1146 1403 1182 3

212 1190 396 1239 Agricola,
416 1193 613 1243 posteritati
633 1196 796 1231 narratus
817 1200 851 1231 et
871 1192 1032 1241 traditus,
1051 1198 1232 1243 superstes
1252 1189 1330 1226 erit.
