1496 2671
123 231 147 267 6
459 227 504 266 C.
534 226 688 267 JULII
718 227 977 267 OAESARIS

175 335 250 374 VI.
281 335 406 373 Erant
437 335 593 373 omnino
630 336 771 373 itinera
806 336 894 382 duo,
933 336 1075 385 quibus
1108 335 1314 374 itineribus

120 390 233 427 domo
252 390 360 427 exire
379 396 549 438 possent:
578 402 698 426 unum
712 402 781 438 per
803 389 1011 439 Sequanos
1041 395 1247 439 angustum
1275 396 1317 427 et

120 443 287 488 difficile,
309 443 412 480 inter
431 449 600 480 montem
619 442 643 481 J
647 456 754 480 uram
770 449 808 481 et
822 444 966 480 fiumen
983 441 1222 486 Rhodanum,
1244 443 1315 480 vix

120 509 198 545 qua
231 497 375 545 singuli
403 497 503 534 carri
532 497 782 540 ducerentur3
811 509 920 533 mons
948 501 1074 534 autem
1104 496 1314 534 altissimus

119 550 378 599 impendebat,
400 556 444 587 ut
462 550 574 588 facile
592 550 774 600 perpauci
794 550 999 599 prohibere
1019 556 1188 598 possent:
1217 550 1313 588 alte-

119 615 206 640 rum
225 616 296 652 per
322 604 570 641 Provinciam
588 611 771 648 nostram,
800 604 921 640 multo
940 603 1091 640 facilius
1111 609 1225 651 atque
1244 616 1314 641 ex-

119 657 300 706 peditius,
332 663 536 707 propterea
566 657 669 706 quod
706 657 978 694 Helvetiorum
1010 656 1114 693 inter
1141 657 1243 694 fines
1275 662 1314 694 et

119 708 390 760 Allobrogum,
418 711 486 760 qui
514 723 639 760 nuper
668 710 794 759 pacati
824 715 947 755 erant,
980 707 1187 747 Rhodanus
1214 710 1313 755 fluit,

118 763 230 812 isque
248 765 444 802 nonnullis
464 765 556 802 locis
576 764 676 801 vado
695 763 893 800 transitur.
952 762 1185 800 Extremum
1204 764 1314 812 oppi-

119 818 213 854 dum
225 816 480 867 Allobrogum
494 824 551 855 est
563 817 860 866 proximumque
874 816 1145 854 Helvetiorum
1159 817 1314 863 finibus,

122 870 296 909 Genava.
354 871 419 908 Ex
446 884 490 908 eo
521 871 661 920 oppido
692 882 788 919 pons
818 870 867 907 ad
902 870 1104 907 Helvetios
1135 870 1313 919 pertinet.

120 923 398 973 Allobrogibus
418 937 501 962 sese
520 925 584 961 vel
603 936 866 973 persuasuros,
886 923 987 971 quod
1015 924 1186 961 nondum
1213 924 1315 961 bono

119 978 247 1016 animo
266 978 307 1014 in
326 978 513 1027 populum
534 975 746 1015 Romanum
767 977 1005 1022 viderentur,
1022 977 1315 1021 existimabant3

119 1032 183 1069 vel
202 1031 243 1069 vi
263 1037 474 1076 coacturos,
495 1037 539 1068 ut
558 1043 628 1080 per
655 1043 744 1068 suos
772 1031 869 1068 fines
897 1043 961 1067 eos
989 1030 1047 1067 ire
1075 1035 1313 1079 paterentur.

122 1084 315 1123 Omnibus
342 1086 460 1122 rebus
489 1086 537 1122 ad
565 1084 842 1134 profectionem
870 1084 1112 1133 comparatis,
1133 1084 1236 1121 diem
1256 1084 1315 1120 di-

120 1145 214 1176 cunt
233 1136 310 1188 qua
329 1139 391 1176 die
410 1139 458 1176 ad
485 1139 611 1188 ripam
639 1138 819 1175 Rhodani
847 1150 978 1175 omnes
1006 1137 1254 1175 conveniant:
1282 1137 1317 1174 is

120 1193 202 1230 dies
231 1198 314 1230 erat
341 1205 375 1230 a.
396 1193 433 1229 d.
456 1191 510 1230 V.
530 1191 621 1230 Kal.
643 1192 747 1242 Apr.
775 1191 821 1229 L.
842 1191 985 1229 Pisone
1005 1197 1043 1228 et
1064 1190 1120 1227 A.
1143 1190 1314 1229 Gabinio

121 1244 231 1284 Coss.

172 1299 269 1337 VH.
302 1298 446 1338 Caesari
465 1312 584 1348 quum
603 1299 644 1335 id
663 1298 891 1336 nunciatum
911 1303 1022 1342 esset,
1044 1307 1109 1335 eos
1127 1310 1197 1347 per
1216 1287 1315 1334 Pro-

118 1353 286 1390 vinciam
316 1358 488 1390 nostram
515 1353 593 1390 iter
619 1351 746 1389 facere
774 1352 917 1395 conari,
948 1356 1115 1390 maturat
1142 1352 1190 1388 ab
1220 1348 1315 1388 iirbe

118 1406 321 1455 proficisci,
352 1395 391 1444 et
419 1418 565 1457 quam
562 1406 743 1442 maximis
766 1394 977 1445 itineiibus
996 1399 1135 1454 potest,
1156 1401 1203 1441 in
1219 1403 1315 1441 Gal-

118 1460 210 1497 liam
243 1460 467 1497 ulteriorem
501 1450 700 1497 contendit
729 1465 768 1496 et
798 1459 853 1496 ad
879 1447 1081 1495 Genevam
1118 1457 1314 1506 pervenit:

116 1513 334 1551 Provinciae
353 1514 425 1550 toti
445 1525 561 1562 quam
586 1513 800 1550 maximum
828 1517 955 1559 potest
982 1512 1150 1548 militum
1178 1523 1313 1549 nume-

117 1579 205 1604 rum
234 1566 400 1616 imperat
433 1566 535 1615 (erat
564 1566 720 1603 omnino
750 1567 792 1602 in
827 1563 957 1602 Gallia
994 1565 1177 1603 ulteriore
1213 1565 1316 1614 legio

118 1619 232 1668 una);
260 1626 432 1669 pontem,
462 1620 530 1668 qui
563 1625 646 1657 erat
676 1620 724 1656 ad
745 1618 961 1663 Genevam,
988 1618 1103 1666 jubet
1132 1618 1316 1656 rescindi.

118 1673 202 1712 Ubi
221 1674 269 1711 de
289 1672 372 1722 ejus
392 1673 562 1711 adventu
582 1673 758 1710 Helvetii
778 1672 960 1710 certiores
979 1671 1073 1709 facti
1092 1677 1195 1717 sunt,
1209 1672 1313 1721 lega-

117 1732 178 1764 tos
197 1728 247 1765 ad
265 1739 353 1764 eum
372 1728 545 1772 mittunt,
566 1726 825 1764 nobilissimos
853 1725 1036 1769 civitatis,
1067 1725 1178 1774 cujus
1206 1725 1314 1774 lega·

115 1780 230 1818 tionis
258 1779 448 1818 Nameius
475 1785 515 1818 et
542 1779 803 1818 Verudoctius
831 1778 1045 1828 principem
1064 1778 1191 1816 locum
1210 1778 1312 1816 obti-

117 1835 273 1879 nebant,
294 1834 362 1882 qui
379 1834 552 1871 dicerent
572 1833 647 1871 sibi
668 1845 750 1871 esse
768 1833 811 1869 in
830 1832 970 1878 animo,
992 1832 1075 1870 sine
1095 1832 1175 1869 ullo
1194 1831 1313 1869 male-

115 1887 204 1925 ficio
231 1887 308 1925 iter
335 1900 405 1937 per
432 1887 682 1925 Provinciam
700 1886 838 1932 facere,
862 1891 1065 1946 propterea
1084 1885 1187 1934 quod
1207 1885 1313 1922 aliud

114 1940 192 1978 iter
208 1941 396 1978 haberent
415 1941 580 1978 nullum·
609 1953 756 1990 rogare,
787 1945 831 1977 ut
851 1939 933 1987 ejus
955 1939 1157 1976 voluntate
1176 1939 1218 1975 id
1237 1939 1312 1976 sibi

115 1993 243 2032 facere
270 1994 399 2032 liceat.
456 1993 598 2040 Caesar,
628 1994 730 2043 quod
758 1990 942 2031 memoria
968 1982 1126 2030 tenebat
1145 1992 1191 2028 L.
1215 1990 1310 2029 Cas-

116 2048 218 2085 sium
237 2048 432 2086 consulem
452 2048 619 2086 occisum
638 2047 929 2095 exercitumque
949 2045 981 2093 ej
990 2058 1032 2082 us
1048 2047 1096 2083 ab
1117 2044 1312 2083 Helvetiis

116 2101 272 2150 pulsum
291 2108 328 2139 et
349 2100 449 2138 sub
433 2114 575 2151 jugum
595 2101 765 2145 missum,
795 2099 1082 2137 concedendum
1102 2111 1179 2135 non
1199 2104 1312 2148 puta-

115 2156 198 2191 bat:
227 2166 353 2202 neque
372 2155 546 2192 homines
565 2154 723 2191 inimico
744 2153 883 2198 animo,
914 2153 1005 2189 data
1032 2152 1216 2189 facultate
1243 2164 1314 2201 per

116 2207 367 2245 Provinciam
385 2208 537 2244 itineris
556 2207 738 2251 faciundi,
756 2212 1035 2254 temperaturos
1051 2207 1098 2243 ab
1114 2205 1258 2254 injuria
1275 2211 1314 2242 et

116 2260 305 2298 maleficio
337 2261 599 2298 existimabat:
629 2267 769 2305 tamen,
803 2266 847 2295 ut
879 2259 1046 2308 spatium
1073 2259 1312 2297 intercedere

117 2320 259 2364 posset,
277 2314 370 2350 dum
385 2314 526 2351 milites
541 2326 636 2363 quos
651 2314 908 2361 imperaverat
925 2314 1190 2358 convenirent,
1207 2312 1311 2361 lega-

117 2368 169 2405 tis
187 2368 395 2416 respondit,
418 2368 519 2404 diem
541 2379 580 2404 se
611 2367 660 2404 ad
689 2366 980 2403 deliberandum
1015 2371 1249 2410 sumturum3
1278 2364 1312 2402 si

118 2421 212 2471 quid
230 2421 385 2469 vellent,
406 2433 441 2459 a.
463 2421 498 2458 d.
521 2421 616 2458 Idus
637 2420 737 2471 Apr-
758 2425 1059 2458 reverterentur.
