1496 2671
388 133 551 172 LIBER
582 133 857 179 QUARTUS.
1156 134 1203 170 51

43 242 302 292 intempestiva
327 241 538 286 incesserat,
567 252 643 277 non
674 239 853 278 interiora
888 241 998 279 modo
1026 241 1204 290 Aegypti.

45 297 109 334 sed
127 295 237 335 etiam
255 293 492 344 Aethiopiam
517 293 689 331 invisere.
744 293 953 332 Memnonis
982 294 1208 343 Tithonique

43 350 225 388 celebrata
242 346 339 395 regia
357 347 636 397 cognoscendae
660 348 855 385 vetustatis
874 348 1023 385 avidum
1037 348 1207 386 trahebat

43 415 157 452 paene
175 405 279 439 extra
297 401 473 439 terminos
492 401 591 439 solis.
639 400 711 438 Sed
725 400 920 439 imminens
938 402 1088 448 bellum,
1104 401 1207 450 cujus

44 457 159 495 multo
176 453 291 503 major
311 461 500 505 supererat
519 455 644 498 moles,
661 454 800 491 otiosae
818 455 1101 503 peregrinationi
1115 460 1207 492 tem-

42 523 130 559 pora
156 514 354 547 exemerat.
410 509 540 558 Itaque
567 509 744 558 Aegypto
776 507 951 557 praefecit
979 508 1207 558 Aeschylum

46 562 243 608 Rhodium,
274 566 311 600 et
345 562 550 601 Peucesten
579 562 833 607 Macedonem,
862 566 1020 609 quatuor
1047 562 1209 599 millibus

43 617 199 656 militum
217 615 256 652 in
275 616 498 665 praesidium
516 615 678 665 regionis
697 614 775 664 ejus
795 615 892 653 datis
911 628 919 652 :
950 615 1110 652 claustra
1128 616 1207 652 Nili

45 670 203 709 fluminis
232 668 473 708 Polemonem
492 670 589 709 tueri
602 669 734 718 jubet3
763 669 920 717 triginta
939 669 986 706 ad
1005 669 1074 705 hoc
1102 669 1209 706 trire-

44 737 118 762 mes
149 725 270 763 datae.
336 723 485 763 Africae
503 724 650 769 deinde,
671 735 764 771 quae
782 723 959 772 Aegypto
981 722 1114 771 juncta
1142 728 1210 765 est,

43 778 271 829 praepositus
289 777 530 826 Apollonius:
560 776 804 826 vectigalibus
823 776 986 825 ejusdem
1019 774 1206 825 [Africae]

43 832 292 882 Aegyptique,
309 831 536 869 Cleomenes.
558 830 617 868 Ex
630 830 798 868 finitimis
813 830 968 867 urbibus
987 829 1208 878 commigra-

41 899 80 923 re
100 885 365 924 Alexandriam
378 885 501 934 jussis,
514 898 647 922 novam
665 884 796 921 urbem
814 895 952 933 magna
970 883 1211 921 multitudine

42 940 219 989 implevit.
289 939 404 976 Fama
438 944 504 985 est,
534 951 646 987 quum
683 950 746 975 rex
781 937 884 974 urbis
911 937 1059 974 futurae
1095 937 1208 973 muris

42 994 292 1042 polentam,ut
305 994 552 1030 Macedonum
570 1005 647 1029 mos
665 996 733 1037 est,
743 991 974 1036 destinasset,
985 990 1108 1027 avium
1127 1003 1210 1039 gre-

43 1060 108 1095 ges
126 1047 327 1093 advolasse,
349 1052 387 1084 et
404 1047 557 1096 polenta
576 1058 654 1083 esse
673 1050 796 1094 pastas
812 1057 820 1088 3
841 1056 1027 1093 quumque
1045 1044 1084 1080 id
1100 1056 1209 1081 omen

43 1114 109 1149 pro
128 1101 227 1139 tristi
254 1114 276 1138 a
295 1101 476 1150 plerisque
497 1105 592 1137 esset
612 1103 813 1147 acceptum,
834 1097 1066 1147 respondisse
1093 1102 1207 1139 vates,

43 1166 213 1203 magnam
235 1154 335 1191 illam
354 1155 484 1190 urbem
503 1153 729 1190 advenarum
747 1151 992 1200 frequentiam
1011 1151 1204 1189 culturam.

44 1208 245 1257 multisque
260 1221 340 1245 eam
357 1207 467 1245 terris
485 1207 662 1244 alimenta
680 1205 945 1255 praebituram.

95 1261 282 1299 XXXIII.
313 1261 469 1310 Regem,
491 1272 604 1309 quum
632 1259 795 1296 secundo
814 1270 922 1295 amne
941 1258 1132 1303 deflueret,
1154 1271 1210 1295 as-

42 1315 145 1366 sequi
159 1315 311 1365 cupiens
330 1314 485 1360 Hector,
507 1312 762 1351 Parmenionis
789 1311 898 1357 filius,
918 1313 1053 1349 eximio
1080 1313 1213 1350 aetatis

43 1370 142 1414 flore,
163 1370 201 1406 in
221 1369 348 1419 paucis
367 1367 584 1405 Alexandro
604 1376 721 1412 carus,
742 1378 895 1416 parvum
915 1366 1105 1415 navigium
1125 1378 1213 1402 con-

41 1423 197 1468 scendit,
217 1423 385 1472 pluribus
411 1434 520 1470 quam
548 1433 679 1470 capere
705 1425 830 1470 posset
847 1419 1054 1468 impositis:
1084 1419 1209 1467 itaque

43 1489 160 1514 mersa
179 1476 282 1514 navis
297 1488 425 1514 omnes
444 1475 626 1513 destituit.
672 1473 815 1512 Hector
836 1473 898 1509 diu
917 1473 1062 1509 flumini
1081 1473 1209 1510 obluc-

42 1536 153 1576 tatus,
182 1543 295 1579 quum
322 1529 474 1566 madens
504 1528 614 1566 vestis
643 1532 680 1565 et
708 1526 877 1565 adstricti
905 1527 1064 1576 crepidis
1091 1527 1205 1576 pedes

45 1590 173 1623 natare
191 1584 441 1634 prohiberent,
471 1583 511 1619 in
531 1583 649 1632 ripam
666 1586 792 1619 tamen
820 1580 1044 1618 semianimis
1064 1581 1180 1618 evasit
1203 1594 1211 1623 ;

43 1646 77 1675 et
108 1644 149 1676 ut
169 1638 327 1688 primum
346 1637 517 1685 fatigatus
536 1636 706 1686 spiritum
727 1635 876 1681 laxavit,
905 1646 1013 1683 quem
1034 1640 1155 1671 metus
1174 1642 1211 1671 et

44 1692 245 1740 periculum
272 1691 524 1736 intenderant,
544 1690 648 1733 nullo
675 1688 888 1738 adjuvante,
920 1688 1072 1738 (quippe
1090 1688 1129 1724 in
1157 1688 1214 1724 di-

43 1758 188 1783 versum
214 1748 406 1782 evaserant
443 1743 535 1795 alii‚)
575 1743 808 1780 exanimatus
835 1748 905 1780 est.
975 1742 1060 1778 Rex
1087 1742 1212 1778 amissi

43 1798 120 1848 ejus
148 1798 332 1836 desiderio
369 1797 607 1835 vehementer
649 1796 805 1834 afflictus
845 1800 911 1841 est,
950 1801 1208 1844 repertumque

44 1864 175 1902 corpus
203 1852 402 1901 magnifico
430 1851 564 1890 extulit
592 1851 732 1887 funere.
788 1849 969 1887 Oneravit
988 1849 1088 1885 hunc
1107 1849 1214 1886 dolo—

44 1918 119 1942 rem
166 1907 321 1944 nuncius
370 1906 500 1944 mortis
537 1903 802 1948 Andromachi,
840 1915 949 1952 quem
987 1902 1214 1951 praefecerat

47 1959 200 2009 Syriae3
228 1960 351 1996 vivum
382 1959 587 1997 Samaritae
614 1962 877 1994 cremaverant.
953 1956 1015 1992 Ad
1035 1955 1139 2004 cujus
1158 1956 1215 1991 in-

46 2013 196 2051 teritum
223 2013 497 2059 vindicandum,
527 2017 666 2062 quanta
686 2011 846 2047 maxima
864 2009 1053 2047 celeritate
1080 2010 1215 2058 potuit,

45 2066 249 2112 contendit,
270 2067 553 2115 advenientique
573 2070 660 2103 sunt
672 2064 800 2103 traditi
819 2064 915 2102 tanti
928 2063 1072 2101 sceleris
1088 2069 1214 2100 aucto-

46 2133 115 2157 ies.
172 2119 434 2158 Andromacho
454 2120 590 2157 deinde
610 2111 811 2156 Memnona
831 2117 1046 2161 substituit3
1076 2116 1214 2154 affectis

46 2173 235 2222 supplicio,
257 2185 319 2222 qui
331 2179 537 2223 praetorem
556 2173 831 2211 interemerant.
890 2171 1099 2221 Tyrannos,
1116 2170 1214 2207 inter

47 2240 108 2264 eos
129 2227 473 2277 Methymnaeorum
495 2227 745 2265 Aristonicum
761 2230 798 2263 et
820 2224 1077 2274 Chrysolaum,
1096 2236 1214 2273 popu-

46 2281 183 2318 laribus
203 2281 277 2318 suis
295 2281 472 2325 tradidit3
493 2292 583 2328 quos
602 2280 656 2317 illi
675 2280 723 2317 ob
749 2278 902 2328 injurias
921 2283 1041 2316 tortos
1060 2290 1215 2314 necave-

47 2339 149 2372 runt.
222 2335 506 2372 Atheniensium
534 2333 682 2378 deinde,
709 2332 943 2370 Rhodiorum
971 2336 1009 2370 et
1037 2331 1215 2369 Chiorum

47 2388 189 2437 legatos
202 2389 319 2427 audit.
350 2388 595 2427 Athenienses
614 2386 807 2424 victoriam
826 2386 1161 2435 gratulabantur,et
1176 2390 1218 2421 ut
