1496 2671
369 129 572 168 LAELIUS
602 129 680 176 DE⁴
706 128 965 166 AMICITIA.
1203 128 1247 164 15

86 236 301 288 probitatis:
329 248 436 286 quam
456 236 513 285 qui
531 236 792 285 appetiverunt,
814 236 998 285 applicant
1017 247 1096 273 sese
1115 241 1150 272 et
1168 247 1251 285 pro-

87 293 169 340 pius
197 291 403 335 admovent,
423 296 460 326 ut
491 295 527 326 et
553 302 619 326 usu
651 301 743 337 ejus,
763 301 869 338 quem
899 289 1039 339 diligere
1059 297 1256 338 coeperunt,

90 351 259 390 truantur,
278 349 314 380 et
331 343 517 380 moribus·
509 343 670 392 ,sintque
687 355 791 392 pares
809 344 844 378 in
865 355 1003 389 amore,
1023 349 1058 380 et
1082 343 1259 391 aequales3

90 399 405 448 propensioresque
424 395 469 432 ad
498 396 590 433 bene
620 396 844 440 merendum,
865 409 973 445 quam
994 396 1039 433 ad
1067 407 1257 446 reposcen-

88 451 186 489 dum.
244 451 364 499 Atque
394 449 474 486 haec
494 451 583 486 inter
599 462 662 486 eos
681 451 725 486 sit
741 449 893 486 honesta
913 451 1073 486 certatio.
1131 449 1192 487 Sic
1219 458 1254 486 et

90 504 253 542 utilitates
270 516 318 541 ex
333 504 490 540 amicitia
511 503 681 540 maximae
700 504 886 552 capientur
902 516 910 540 ε
930 509 964 539 et
983 505 1047 540 erit
1065 502 1145 551 ejus
1160 511 1254 541 ortus

85 570 108 594 a
126 564 264 604 natura,
279 570 387 607 quam
408 558 453 593 ab
473 557 725 603 imbecillitate,
740 564 775 593 et
793 557 929 605 gravior
946 563 981 593 et
1001 557 1127 594 verior.
1156 556 1254 594 Nam

87 612 116 647 si
137 611 265 648 utilitas
293 611 470 649 amicitias
497 610 763 659 conglutinaret,
792 609 921 647 eadem
941 617 1164 647 commutata
1185 612 1255 648 dis-

87 665 252 702 solveret.
307 664 378 702 Sed
398 665 484 713 quia
504 670 630 701 natura
650 665 778 702 mutari
793 675 863 700 non
880 665 1006 713 potest,
1016 664 1150 700 idcirco
1164 676 1257 702 verae

85 719 252 756 amicitiae
269 719 494 768 sempiternae
510 724 606 756 sunt.
660 717 789 755 Ortum
808 717 953 766 quidem
970 719 1135 754 amicitioe
1154 718 1254 755 vide-

85 773 141 818 tis,
162 771 229 810 nisi
248 771 333 820 quid
352 772 398 808 ad
419 771 498 809 liaec
516 772 602 808 sorte
622 771 741 808 vultis.
797 769 928 809 FANN.
959 771 1014 808 Tu
1034 783 1119 807 vero
1137 783 1253 820 perge,

82 825 182 864 Laeli.
239 825 307 863 Pro
335 824 404 862 hoc
431 825 545 871 enim,
564 826 623 874 qui
643 826 760 862 minor
776 830 830 861 est
858 830 955 871 natu,
975 837 1057 862 meo
1080 824 1161 873 jure
1180 838 1252 862 res-

85 878 241 930 pondeo.
296 879 362 915 33.
392 878 522 917 SCAEV.
553 878 665 916 Recte
702 885 739 916 tu
771 877 927 927 quidem.
1001 879 1251 924 Quamobrem

85 933 289 971 audiamus.
880 943 889 951 ²

136 986 182 1024 X.
213 987 317 1024 LAEL.
347 985 483 1023 Audite
510 998 602 1034 ergo,
631 985 756 1035 optimi
784 985 863 1031 viri,
881 997 938 1030 ea,
957 998 1037 1035 quae
1056 986 1252 1034 saepissime

79 1040 172 1077 inter
193 1052 250 1077 me
268 1046 304 1076 et
324 1039 529 1088 Scipionem
551 1039 595 1077 de
615 1040 774 1077 amicitia
792 1039 1066 1077 disserebantur.
1123 1040 1250 1085 Quan-

82 1106 190 1144 quam
213 1094 271 1131 ille
287 1093 433 1142 quidem
454 1093 541 1129 nihil
561 1093 738 1130 difficilius
754 1105 834 1129 esse
849 1092 1004 1139 dicebat,
1024 1105 1132 1142 quam
1160 1094 1253 1130 ami-

83 1148 205 1184 citiam
235 1159 348 1196 usque
377 1146 421 1183 ad
449 1154 655 1184 extremum
675 1147 757 1183 vitae
783 1159 1007 1196 permanere.
1065 1146 1163 1184 Nam
1182 1148 1251 1193 vel,

77 1208 117 1237 nt
138 1213 207 1237 non
228 1200 321 1237 idem
340 1201 526 1248 expediret
546 1199 738 1251 [utrique]‚
753 1200 908 1237 incidere
928 1212 1024 1249 saepe
1042 1213 1050 1247 3
1072 1201 1143 1246 vel,
1157 1207 1194 1238 ut
1208 1201 1253 1237 de

80 1254 265 1303 republica
284 1266 354 1291 non
376 1252 469 1290 idem
491 1254 682 1291 sentirent:
720 1256 847 1291 mutari
868 1254 976 1291 etiam
998 1266 1114 1291 mores
1133 1253 1248 1290 homi-

81 1319 169 1345 num
198 1319 292 1356 saepe
316 1308 468 1353 dicebat,
489 1308 576 1344 alias
594 1306 751 1345 adversis
778 1308 896 1353 rebus,
911 1308 997 1344 alias
1016 1314 1116 1345 {etate
1135 1307 1250 1356 ingra-

81 1367 264 1398 vescente.
320 1360 441 1410 Atque
453 1373 578 1398 earum
590 1373 708 1398 rerum
722 1362 932 1410 exemplum
952 1372 1001 1397 ex
1019 1362 1248 1398 similitudino

83 1415 250 1464 capiebat
277 1415 432 1452 ineuntis
461 1415 582 1460 aetatis,
613 1415 708 1463 quod
734 1415 865 1452 summi
893 1426 1079 1463 puerorum
1110 1427 1249 1452 amores

78 1481 173 1518 saepe
195 1481 266 1505 una
284 1480 368 1505 cum
398 1475 570 1518 praetexta
599 1474 828 1517 ponerentur.
884 1469 945 1506 34.
977 1469 1036 1504 Sin
1058 1475 1179 1506 autem
1200 1469 1246 1510 ad

79 1522 358 1559 adolescentiam
379 1522 655 1571 perduxissent3
684 1521 798 1558 dirimi
819 1531 940 1558 tamen
959 1522 1136 1559 interdum
1158 1535 1246 1559 con-

79 1577 232 1612 tentione
253 1576 306 1612 vel
324 1577 458 1613 uxoriae
474 1576 697 1618 conditionis,
714 1575 767 1612 vel
784 1574 966 1612 commodi
983 1575 1245 1626 aticuj1‚1s‚quo‹1

80 1629 173 1666 idem
194 1629 341 1689 adipisci
372 1636 517 1678 uterque
548 1642 617 1665 non
646 1635 774 1679 posset.
831 1628 941 1674 Quod
968 1630 995 1666 si
1025 1630 1083 1678 qui
1111 1630 1246 1679 longius

81 1683 114 1717 in
136 1683 293 1720 amicitia
311 1685 472 1732 provecti
500 1689 630 1727 essent,
651 1690 773 1720 tamen
793 1694 888 1732 saepe
908 1682 1129 1727 labefactari,
1150 1686 1176 1720 si
1208 1686 1245 1720 in

78 1735 219 1773 honoris
238 1738 501 1775 contentionem
523 1737 753 1775 incidissent:
781 1742 917 1786 pestem
946 1737 1045 1773 enim
1066 1736 1243 1786 majorem

75 1801 154 1827 esse
174 1791 308 1827 nullam
318 1791 494 1835 amicitiis,
514 1803 622 1839 quam
642 1791 677 1826 in
697 1790 883 1840 plerisque
888 1791 1051 1839 pecuniae
1071 1791 1244 1839 cupidita-

78 1850 174 1881 tem·
203 1845 238 1880 in
254 1845 397 1905 optimis
424 1845 623 1894 quibusque
651 1843 795 1880 honoris
822 1852 1004 1880 certamen
1033 1850 1068 1881 et
1095 1845 1242 1892 gloriae:

75 1909 126 1932 ex
144 1910 215 1945 quo
233 1898 436 1935 inimicitias
457 1899 636 1935 maximas
655 1909 751 1946 saepe
770 1898 860 1934 inter
879 1897 1116 1935 amicissimos
1134 1899 1245 1935 exsti-

79 1951 172 1986 tisse.
229 1951 292 1987 35.
322 1951 457 2000 Mau-na
472 1953 566 1988 enim
581 1951 737 1997 dissidia,
749 1958 785 1987 et
797 1952 1006 2000 plerumque
1023 1950 1118 2000 justa
1131 1955 1244 1996 nasci,

78 2016 190 2052 quum
211 2005 342 2053 aliquid
354 2006 400 2042 ab
419 2006 558 2051 amicis,
579 2005 673 2054 quod
687 2012 822 2042 rectum
842 2017 910 2041 non
926 2012 1031 2051 esset,
1046 2006 1241 2054 postulare-

84 2063 140 2093 tur
158 2069 166 2094 :
196 2064 233 2094 ut
251 2065 310 2094 aut
339 2058 488 2096 libidinis
518 2060 677 2103 ministri,
698 2066 760 2095 aut
778 2057 956 2107 adjutores
975 2066 1093 2096 essent
1110 2059 1155 2096 ad
1184 2061 1238 2096 in-

75 2111 224 2160 juriam.
281 2111 389 2156 Quod
408 2113 467 2161 qui
494 2120 713 2159 recusarent,
732 2113 896 2162 quamvis
925 2112 1072 2149 honeste
1092 2113 1127 2148 id
1146 2111 1243 2150 sace·

77 2171 168 2211 rent,
181 2164 243 2213 jus
261 2170 380 2202 tamen
411 2167 575 2203 amicitiae
603 2167 764 2203 deserere
783 2173 1008 2214 arguerentur
1026 2167 1071 2203 ab
1090 2167 1143 2210 iis,
1164 2168 1241 2216 qui·

79 2219 142 2255 bus
160 2219 306 2268 obsequi
340 2219 499 2256 nollent:
526 2219 603 2257 illos
631 2226 765 2267 autem,
794 2220 853 2270 qui
882 2219 1021 2269 quidvis
1047 2220 1093 2256 ab
1119 2221 1240 2257 amico

78 2271 252 2309 auderent
278 2274 468 2322 postulare,
498 2274 731 2321 postulatione
759 2274 837 2323 ipsa
863 2273 1027 2323 profiteri,
1058 2275 1180 2310 omnia
1199 2286 1237 2310 se

75 2325 182 2362 amici
213 2338 325 2364 causa.
352 2338 430 2364 esse
458 2325 628 2364 facturos.
683 2326 821 2365 Eorum
851 2328 995 2377 querela
1023 2329 1235 2364 inveteratas

74 2390 144 2417 non
166 2379 272 2418 modo
291 2379 547 2419 familiaritates
573 2381 755 2430 exstingui
773 2381 898 2428 solere,
927 2381 988 2418 sed
1016 2381 1124 2418 etiam
1153 2380 1235 2418 odiu
