1496 2671
233 212 287 248 60
573 209 619 249 C.
650 210 804 248 JULII
834 210 1092 250 CAESARIS

234 317 376 354 influit.
436 316 563 355 Causa
582 318 807 354 transeundi
823 318 908 362 fuit,
923 319 1024 368 quod
1041 320 1088 356 ab
1105 317 1244 356 Suevis
1259 319 1408 368 complu
1420 339 1432 348 ·

234 384 296 408 res
329 383 449 408 annos
480 371 669 419 exagitati
702 372 801 408 bello
831 374 1104 420 premebantur
1129 379 1167 409 et
1194 371 1433 421 agricultura

235 425 554 472 prohibebantur.
615 424 833 462 Suevorum
860 439 956 474 gens
984 434 1042 463 est
1070 426 1183 475 longe
1208 426 1376 463 maxima
1395 433 1435 464 et

235 478 526 524 bellicosissima
543 477 827 515 Germanorum
843 480 1029 516 omnium.
1078 479 1132 516 Hi
1148 486 1302 517 centum
1315 493 1435 529 pagos

234 532 380 568 habere
413 532 606 576 dicuntur,
638 545 687 568 ex
721 533 862 580 quibus
890 533 1097 581 quotannis
1133 533 1286 582 singula
1314 534 1435 570 millia

235 591 471 622 armatorum
491 585 658 622 bellandi
675 588 790 622 causa
803 598 853 622 ex
868 586 1011 623 finibus
1025 587 1206 624 educunt.
1265 587 1433 635 Reliqui,

235 639 302 686 qui
333 639 434 675 domi
458 639 681 683 manserint,
705 652 745 676 se
773 645 888 687 atque
919 640 1005 676 illos
1036 640 1156 676 alunt.
1215 640 1272 676 Hi
1301 652 1437 677 rursus

236 693 404 729 invicem
437 705 537 729 anno
571 700 657 741 post:
686 693 726 728 in
752 693 869 729 armis
890 701 997 736 sunt3
1022 693 1079 730 illi
1099 693 1202 730 domi
1222 702 1435 731 remanent.

239 745 304 782 Sic
324 759 448 795 neque
469 746 723 794 agricultura,
743 758 813 782 nec
833 746 932 783 ratio
953 755 1068 795 atque
1090 759 1179 783 usus
1198 747 1291 784 belli
1315 747 1436 784 inter-

235 800 420 836 mittitur.
481 801 557 837 Sed
589 799 732 847 privati
764 811 808 836 ac
832 801 999 847 separati
1029 801 1112 847 agri
1133 801 1236 848 apud
1255 813 1319 838 eos
1338 800 1438 837 nihil

236 860 311 897 est;
331 866 456 901 neque
476 854 630 901 longius
650 865 750 888 anno
769 865 968 890 remanere
992 867 1067 891 uno
1085 854 1125 890 in
1145 854 1228 890 loco
1243 854 1438 891 incolendi

236 904 351 943 causa
380 907 484 943 licet.
542 906 683 954 Neque
712 906 875 942 multum
906 907 1112 951 frumento,
1133 908 1202 944 sed
1227 908 1437 945 maximam

235 968 385 1009 partem
414 960 512 997 laete
541 966 656 1008 atque
686 972 822 1008 pecore
851 961 1003 1006 vivunt,
1025 961 1267 1009 multumque
1286 961 1437 1005 suntin

235 1014 520 1050 venationibus:
559 1026 644 1062 quae
682 1026 743 1049 res
781 1019 819 1050 et
856 1015 932 1052 cibi
970 1027 1112 1062 genere
1142 1021 1180 1051 et
1214 1015 1440 1062 quotidiana

236 1067 515 1104 exercitatione
547 1075 583 1103 et
614 1068 792 1103 libertate
833 1071 923 1104 vitae
957 1068 1079 1116 (quod
1111 1080 1134 1104 a
1163 1068 1295 1117 pueris
1331 1068 1439 1104 nullo

237 1121 362 1157 officio
396 1129 463 1158 aut
497 1118 702 1169 disciplina
735 1121 957 1166 adsuefacti,
986 1122 1085 1158 nihil
1117 1121 1274 1158 omnino
1305 1128 1440 1158 contra

236 1175 477 1211 voluntatem
513 1174 674 1220 faciant)
704 1180 743 1210 et
771 1175 875 1211 vires
894 1175 974 1220 alit,
996 1182 1033 1211 et
1054 1175 1213 1212 immani
1232 1187 1436 1224 corporum

237 1224 506 1276 magnitudine
539 1228 714 1264 homiues
747 1227 874 1265 efficit.
932 1230 1065 1275 Atque
1094 1228 1134 1264 in
1165 1241 1249 1265 eam
1281 1241 1320 1266 se
1347 1241 1438 1265 eon-

236 1282 479 1318 suetudinem
513 1282 770 1324 adduxerunt,
806 1287 848 1318 ut
879 1282 973 1319 loeis
1010 1281 1273 1330 frigidissimis
1314 1294 1440 1329 neque

236 1334 402 1372 vestitus
423 1341 563 1384 praeter
579 1334 696 1383 pelles
714 1335 879 1371 habeant
891 1336 1113 1384 quidquam,
1128 1335 1309 1383 (quarum
1324 1348 1439 1384 prop*

237 1386 297 1425 ter
335 1389 590 1436 exiguitatem
629 1400 768 1436 inagna
796 1395 852 1425 est
882 1389 1053 1437 corporis
1086 1401 1174 1437 pars
1212 1389 1364 1438 aperta)
1402 1394 1440 1425 et

237 1441 418 1479 laventur
441 1442 481 1478 in
502 1441 738 1478 fluminibus.

291 1495 351 1531 II.
382 1495 665 1532 Mercatoribus
692 1500 749 1530 est
769 1496 817 1532 ad
837 1507 901 1532 eos
921 1495 1050 1533 aditus
1069 1495 1194 1544 magis
1213 1508 1272 1542 ρο,
1295 1501 1336 1532 ut
1355 1507 1440 1544 quae

237 1549 338 1586 bello
376 1549 564 1596 ceperint,
603 1549 744 1596 quibus
782 1550 966 1595 vendant,
1000 1550 1178 1595 habeant,
1213 1562 1329 1597 quam
1363 1562 1440 1598 quo

238 1602 356 1639 ullam
394 1615 474 1639 rem
515 1603 562 1640 ad
597 1615 638 1639 se
674 1602 876 1650 importari
915 1603 1152 1639 desiderent:
1190 1603 1286 1651 quin
1323 1603 1440 1640 etiam

232 1654 433 1704 jumentis,
470 1656 611 1704 quibus
648 1657 817 1693 maxime
856 1655 987 1694 Gallia
1024 1657 1247 1701 delectatur,
1277 1668 1441 1705 quaeque

237 1709 412 1757 impenso
449 1716 588 1759 parant
624 1709 750 1758 pretio
791 1708 992 1756 Germani,
1027 1710 1245 1759 importatis
1283 1710 1325 1746 hi
1363 1722 1440 1746 non

238 1768 419 1799 utuntur:
459 1764 527 1800 sed
558 1775 643 1812 quae
677 1769 768 1800 sunt
801 1764 904 1812 apud
933 1776 997 1801 eos
1030 1770 1132 1809 nata,
1168 1776 1289 1812 parva
1325 1769 1441 1812 atque

238 1816 437 1862 deformia,
459 1817 542 1855 haee
572 1814 797 1865 quotidiana
827 1817 1115 1862 exercitatione,
1138 1816 1278 1854 summi
1297 1822 1342 1853 ut
1362 1818 1441 1853 sint

239 1869 383 1907 laboris
417 1870 600 1907 efficiunt.
657 1870 915 1918 Equestribus
946 1871 1092 1920 proeliis
1123 1882 1224 1919 saepe
1257 1882 1308 1907 ex
1331 1871 1441 1919 equis

239 1924 423 1961 desiliunt
443 1937 488 1961 ae
507 1925 670 1972 pedibus
689 1925 932 1977 proeliantur,
954 1936 1148 1973 equosque
1168 1924 1300 1961 eodem
1315 1936 1441 1961 rema·

238 1989 332 2014 nere
351 1978 516 2027 vestigio
545 1978 829 2021 adsuefaciunn
864 1979 912 2015 ad
935 1990 1030 2026 quos
1050 1990 1090 2015 se
1109 1977 1297 2022 celeriter,
1319 1990 1440 2025 quum

240 2043 333 2067 usus
367 2038 436 2076 est,
477 2032 686 2080 recipiunt:
734 2044 859 2079 neque
896 2044 1028 2068 eorum
1068 2031 1241 2067 moribus
1285 2031 1441 2080 turpius

241 2084 452 2133 quidquam
491 2092 558 2121 aut
588 2086 752 2123 inertius
785 2085 960 2130 habetur,
994 2097 1110 2132 quam
1140 2084 1335 2133 ephippiis
1368 2084 1440 2121 uti.

241 2137 380 2185 Itaque
405 2139 453 2175 ad
481 2139 658 2187 quemvis
688 2151 893 2177 numerum
922 2138 1233 2187 ephippiatorum
1266 2137 1440 2186 equitum

240 2191 418 2238 quamvis
456 2192 569 2240 pauci
607 2193 713 2230 adire
750 2192 904 2229 audent.
962 2191 1112 2228 Vinum
1140 2192 1188 2228 ad
1215 2203 1256 2228 se
1284 2190 1440 2227 omnino

240 2244 441 2292 importari
462 2257 539 2281 non
560 2245 705 2291 sinunt,
726 2246 829 2294 quod
848 2242 893 2282 ea
912 2257 954 2281 re
974 2245 1022 2281 ad
1047 2245 1216 2281 laborem
1235 2243 1438 2281 ferendum

241 2297 506 2334 remollescere
525 2299 699 2336 homines
719 2306 833 2346 atque
853 2298 1067 2335 effeminari
1087 2298 1338 2335 arbitrantur.

296 2350 379 2387 111.
409 2351 571 2388 Publice
603 2353 814 2390 maximam
844 2358 984 2401 putant
1014 2364 1097 2389 esse
1126 2351 1293 2396 laudem,
1323 2362 1438 2398 quam

239 2403 428 2441 latissime
448 2417 470 2441 a
490 2405 569 2442 suis
589 2406 732 2443 finibus
753 2418 890 2443 vacare
910 2417 1038 2454 agros:
1059 2402 1130 2442 hac
1151 2417 1193 2441 re
1214 2403 1436 2453 significari,

242 2470 425 2507 magnum
455 2471 656 2496 numerum
687 2460 903 2497 civitatium
923 2472 1031 2497 suam
1052 2459 1130 2496 vim
1151 2458 1340 2495 sustinere
1359 2468 1437 2493 non
