1496 2671
312 194 386 232 DE
415 191 595 230 BELLO
627 189 877 228 GALLICO
907 188 1010 225 LIB.
1042 186 1120 225 111.
1268 190 1314 227 51

124 302 281 341 rebellio
298 300 399 337 facta
417 305 502 348 post
518 297 770 340 declitioiicn13
799 295 964 333 defectio
984 295 1084 332 datis
1103 295 1319 339 obsidibus3

124 364 182 394 tot
201 355 400 393 civitatum
420 351 651 400 conjuratio;
679 351 718 386 in
734 350 880 398 primis,
896 362 943 386 ne
964 350 1035 386 hac
1057 356 1165 398 parte
1186 350 1319 398 negle-

123 408 186 447 cta
204 409 359 455 reliquae
379 406 554 443 nationes
566 405 668 441 idem
680 404 754 441 sibi
767 403 882 439 licere
895 403 1189 440 arbitrarentur.
1237 404 1318 440 Ita-

123 475 198 512 que
216 473 334 510 quum
363 459 599 508 intelligeret
627 470 758 494 omnes
788 456 868 493 sere
898 455 1033 493 Gallos
1062 457 1173 493 novis
1201 458 1317 494 rebus

124 516 277 553 studere
308 520 347 551 et
381 514 429 550 ad
460 513 602 549 bellum
634 510 828 548 mobiliter
860 510 1112 557 celeriterque
1141 511 1321 555 excitari,

123 580 254 606 omnes
272 574 401 604 autem
428 566 602 603 homines
631 561 770 601 natura
795 563 966 599 libertati
996 564 1150 600 studere
1170 570 1208 600 et
1227 576 1319 601 con-

122 620 525 658 ditionemtservitutis
544 619 679 663 odisse,
702 617 809 666 prius
837 629 952 663 quam
982 617 1110 664 plures
1139 617 1318 654 civitates

122 674 397 723 conspirarent,
420 673 662 722 partiendum
692 671 766 708 sibi
794 683 838 707 ac
865 669 980 706 latius
1009 671 1320 708 distribuendum

123 728 339 766 exercitum
358 726 522 776 putavit.

177 780 251 818 XI.
283 781 420 829 Itaque
447 780 492 816 T.
516 779 728 816 Labienum
756 777 926 825 legatum
955 777 996 813 in
1027 777 1222 822 Treviros,
1253 779 1320 826 qui

123 835 292 884 proximi
331 835 466 871 Rheno
501 833 652 870 flumini
691 837 791 875 sunt,
832 843 918 868 cum
965 831 1140 879 equitatu
1186 832 1319 869 mittit.

126 887 229 926 Huic
250 889 415 932 mandat,
441 888 581 924 Remos
600 885 843 933 reliquosque
860 884 1001 933 Belgas
1017 884 1129 921 adeat
1149 890 1264 933 atque
1279 885 1320 921 in

124 942 245 980 officio
265 942 472 986 contineat,
495 939 798 986 Germanosque,
815 938 881 986 qui
903 937 1049 975 auxilio
1070 951 1092 974 a
1112 936 1243 987 Belgis
1259 951 1320 975 ar-

124 996 253 1033 cessiti
273 989 510 1039 dicebantur,
533 994 653 1041 siper
682 993 760 1028 vim
789 992 954 1028 navibus
982 992 1126 1027 flumen
1155 993 1322 1029 transire

125 1057 323 1093 conentur,
338 1049 550 1097 prohibeat.
599 1047 643 1083 P.
664 1045 845 1083 Crassum
859 1058 948 1082 cum
966 1045 1188 1082 cohortibus
1201 1046 1321 1094 legio-

125 1103 244 1139 nariis
264 1102 463 1139 duodecim
484 1107 523 1137 et
543 1112 681 1148 magno
700 1111 861 1135 numero
880 1098 1076 1147 equitatus
1096 1099 1135 1134 in
1153 1099 1322 1147 Aquita-

126 1157 228 1192 niam
257 1155 447 1204 proficisci
468 1153 595 1202 jubet,
619 1166 668 1189 ne
696 1165 747 1189 ex
774 1152 835 1188 his
865 1152 1085 1189 nationibus
1114 1152 1262 1189 auxilia
1280 1153 1323 1189 in

127 1208 295 1246 Galliam
315 1208 519 1244 mittantur
532 1219 575 1244 ac
590 1212 706 1243 tantae
726 1206 900 1243 nationes
915 1205 1212 1254 conjungantur.
1271 1205 1321 1251 Q.

127 1262 326 1299 Titurium
358 1260 541 1298 Sabinum
573 1260 743 1308 legatum
773 1271 860 1295 cum
890 1259 1109 1308 legionibus
1137 1260 1262 1296 tribus
1282 1261 1323 1296 in

127 1316 302 1360 Unellos,
340 1314 603 1358 Curiosolitas‚
642 1312 915 1360 Lexoviosque
962 1312 1094 1356 mittit,
1134 1314 1200 1361 qui
1240 1326 1324 1350 eam

127 1382 283 1406 manum
312 1368 570 1405 distinendam
599 1372 719 1404 curet.
778 1365 829 1401 D.
852 1364 1016 1401 Brutum
1041 1366 1323 1404 adelescentem

127 1423 239 1460 classi
262 1422 499 1470 Gallicisque
528 1421 707 1465 navibus,
727 1431 822 1468 quas
848 1432 898 1456 ex
917 1419 1147 1456 Pictonibus
1167 1426 1207 1456 et
1228 1419 1324 1457 San-

128 1476 229 1513 tonis
249 1475 484 1524 reliquisque
503 1473 648 1523 pacatis
667 1473 890 1521 regionibus
910 1473 1118 1509 convenire
1141 1472 1324 1520 jusserat,

128 1530 302 1578 praeficit,
323 1535 360 1566 et
380 1541 499 1577 quum
520 1528 686 1576 primum
709 1526 840 1575 possit,
862 1526 901 1562 in
933 1526 1105 1563 Venetos
1133 1527 1326 1575 proficisci

123 1583 248 1631 jubet.
305 1583 396 1631 Ipse
415 1595 459 1619 eo
480 1581 720 1629 pedestribus
740 1579 861 1627 copiis
880 1581 1093 1616 contendit.

183 1636 283 1673 XII.
314 1636 439 1672 Erant
453 1634 641 1683 ejusmodi
660 1634 741 1670 fere
761 1634 858 1670 situs
878 1634 1117 1681 oppidorum,
1140 1639 1183 1670 ut
1204 1634 1327 1682 posita

129 1690 170 1726 in
199 1689 383 1727 extremis
420 1688 579 1737 lingulis
612 1687 974 1736 promontoriisque‚
1010 1700 1135 1736 neque
1162 1688 1326 1735 pedibus

130 1744 277 1780 aditum
303 1744 499 1786 haberent,
521 1755 639 1790 quum
666 1753 717 1778 ex
747 1740 825 1777 alto
858 1753 898 1777 se
928 1747 1044 1778 aestus
1072 1741 1325 1786 incitavisset,

129 1797 232 1846 quod
262 1797 321 1833 bis
351 1796 491 1833 accidit
525 1805 676 1844 semper
709 1795 891 1831 horarum
927 1794 1014 1831 XII
1043 1795 1179 1841 spatio,
1201 1807 1328 1842 neque

130 1851 306 1894 navibus,
335 1850 438 1898 quod
467 1861 601 1886 rursus
635 1848 832 1885 minuente
853 1853 960 1892 aestu,
992 1860 1111 1884 naves
1144 1848 1184 1883 in
1217 1849 1328 1886 vadis

131 1904 432 1941 adflictarentur.
489 1903 551 1939 Ita
571 1899 734 1950 utraque
762 1913 804 1937 re
831 1901 1057 1949 oppidorum
1089 1902 1328 1949 oppugnatio

131 1958 428 2006 impediebatur3
461 1969 504 1993 ac
533 1957 566 1992 si
594 1956 747 2003 quando
775 1955 1043 2003 magnitudine
1072 1955 1198 2004 operis
1228 1954 1330 1992 forte

133 2010 314 2059 superati,
346 2020 506 2047 extruso
536 2010 633 2046 mari
667 2021 808 2057 aggere
843 2020 887 2045 ac
919 2008 1097 2054 molibus,
1121 2014 1238 2057 atque
1268 2009 1330 2046 his

132 2064 252 2100 ferme
265 2064 394 2112 oppidi
410 2063 601 2100 moenibus
617 2061 836 2111 adaequatis,
852 2061 931 2097 suis
943 2060 1110 2099 fortunis
1126 2062 1330 2110 desperare

134 2124 338 2166 coeperant,
367 2130 506 2166 magno
538 2129 700 2153 numero
737 2115 896 2152 navium
931 2115 1102 2163 appulso,
1131 2113 1242 2162 cujus
1271 2117 1329 2152 rei

133 2183 321 2207 summam
348 2169 569 2207 facultatem
597 2170 802 2214 habebant,
824 2181 892 2205 sua
921 2169 1176 2217 deportabant
1201 2170 1331 2206 omnia

134 2236 250 2272 seque
285 2223 325 2259 in
357 2224 532 2271 proxima
559 2224 699 2272 oppida
727 2222 978 2270 recipiebant.
1035 2222 1097 2259 Ibi
1127 2235 1167 2259 se
1195 2235 1331 2260 rursus

132 2278 268 2314 iisdem
307 2277 658 2325 opportunitatibus
697 2276 771 2313 loci
812 2275 1080 2313 defendebant.
1150 2275 1247 2312 Haec
1286 2289 1331 2312 eo

134 2330 288 2368 facilius
307 2341 485 2378 magnam
505 2336 651 2378 partem
672 2329 815 2366 aestatis
842 2330 1049 2375 faciebant,
1069 2330 1172 2378 quod
1191 2335 1331 2366 nostrae

134 2397 253 2422 naves
272 2384 566 2431 tempestatibus
585 2383 868 2427 detinebantur,
886 2395 1110 2431 summaque
1127 2388 1206 2419 erat
1218 2387 1329 2419 vasto

135 2445 252 2486 atque
271 2443 402 2486 aperto
422 2437 530 2480 mari,
553 2436 699 2485 magnis
718 2437 886 2483 aestibus,
907 2437 1005 2474 raris
1020 2449 1063 2473 ac
1079 2448 1198 2485 prope
1214 2435 1332 2472 nullis

136 2491 323 2540 portibus,
345 2490 547 2527 difficultas
568 2490 792 2539 navigandi.
