1496 2671
276 139 325 176 12
551 136 754 175 LAELIUS
782 135 857 175 DE
883 137 1144 176 AMICITIA.

328 245 415 283 VII.
445 245 496 282 23
525 245 726 294 Quumque
751 245 926 294 plurimas
960 251 999 284 et
1030 246 1206 284 maximas
1233 247 1435 286 commodi-

274 304 370 337 tates
415 298 576 336 amicitia
620 298 819 345 contineat,
866 305 945 337 tum
981 300 1046 337 illa
1072 300 1246 337 nimirum
1280 305 1435 350 praestat

273 353 456 398 omnibus,
494 352 594 402 quod
630 352 728 389 bona
759 365 823 402 spe
853 354 1031 402 praelueet
1065 353 1105 390 in
1131 358 1328 403 posterum,
1363 366 1436 392 nec

273 406 458 444 debilitari
470 406 611 443 animos
625 410 690 444 aut
708 406 838 444 eadere
852 407 1007 455 patitur.
1054 406 1194 444 Verum
1213 407 1324 445 etiam
1341 408 1432 445 ami-

272 473 355 497 cum
383 461 448 510 qui
473 460 652 505 intuetur,
674 464 850 509 tanquam
878 460 1064 509 exemplar
1090 460 1240 510 aliquod
1265 461 1436 499 intuetur

272 514 340 551 sui.
398 513 582 560 Quocirca
597 520 634 551 et
649 514 817 551 absentes
837 513 986 558 adsunt,
998 518 1035 552 et
1055 519 1206 562 egentes
1225 514 1428 559 abundant,

270 573 308 605 et
325 567 525 605 imbecilles
543 567 678 612 valent,
699 572 747 612 et,
767 567 867 616 quod
887 567 1070 604 difficilius
1089 567 1191 604 dictu
1206 573 1273 614 est,
1291 568 1429 606 mortui

270 622 429 660 vivunt:
450 625 578 659 tantus
606 633 668 657 eos
696 621 822 665 honos,
852 621 1039 665 momoria,
1056 620 1278 658 desiderium
1304 633 1430 670 prose-

268 675 395 724 quitur
413 675 623 712 amicorum.
668 673 726 710 Ex
746 686 818 723 quo
836 673 985 710 illorum
1001 675 1121 711 beata
1137 686 1234 711 mors
1252 674 1399 713 videtur
1419 689 1428 711 :

267 728 400 766 horum
428 729 506 766 vita
541 728 747 765 laudabilis.
823 727 935 772 Quod
963 728 993 764 si
1021 727 1197 765 exemeris
1225 740 1271 765 ex
1296 732 1430 766 natura

267 795 388 819 rerum
416 781 681 819 benevolentiae
702 780 1012 829 conjunctionem,
1033 793 1101 818 nee
1119 781 1250 819 domus
1267 781 1344 818 ulla
1360 793 1430 820 nec

267 837 355 873 urbs
374 841 472 874 stare
490 835 651 884 poterit;
680 847 727 870 ne
755 834 834 882 agri
862 834 1010 883 quidem
1038 834 1160 872 cultus
1185 835 1428 884 permanebit.

268 889 311 926 Id
327 890 359 926 si
371 889 492 926 minus
504 888 738 936 intelligitur,
751 892 888 937 quanta
901 888 954 925 vis
967 888 1136 925 amicitiae
1152 888 1430 938 concordiaeque

269 944 339 980 sit:
371 955 416 979 ex
444 942 734 978 dissensionibus
761 947 872 990 atque
908 942 1101 979 discordiis
1125 941 1264 991 percipi
1290 947 1428 992 potest.

269 997 362 1042 Quae
377 997 474 1034 enim
490 995 620 1033 domus
636 1001 709 1033 tarn
723 995 874 1040 stabilis,
888 1008 969 1044 quae
984 999 1061 1033 tam
1078 995 1184 1032 firma
1201 995 1330 1033 civitas
1355 999 1422 1041 est,

266 1063 346 1100 quae
366 1063 442 1086 non
457 1050 551 1086 odiis
569 1055 680 1098 atquc
698 1049 857 1086 dissidiis
875 1048 1043 1087 funditus
1060 1048 1176 1098 possit
1193 1048 1343 1087 everti?
1371 1048 1429 1086 Ex

268 1117 352 1154 quo,
374 1109 553 1153 quantum
573 1103 660 1139 boni
680 1103 778 1140 sitin
804 1102 975 1148 amicitia,
998 1103 1159 1151 judicari
1177 1107 1312 1151 potest.
1365 1102 1432 1139 24.

266 1157 556 1206 Agrigentinum
585 1157 732 1205 quidem
761 1156 912 1193 doctum
940 1156 1124 1206 quendam
1150 1156 1270 1193 virum
1297 1156 1427 1194 carmi—

266 1212 375 1249 nibus
396 1211 537 1248 Graecis
564 1210 802 1248 vaticinatum
822 1210 958 1255 ferunt,
986 1222 1068 1258 quae
1087 1210 1125 1246 in
1143 1222 1266 1246 rerum
1291 1214 1426 1247 natura

268 1271 425 1314 totoque
438 1264 578 1301 mundo
598 1269 820 1309 constarent,
843 1276 997 1312 quaequc
1012 1266 1258 1308 moverentur,
1279 1275 1323 1300 ea
1339 1275 1426 1300 con-

268 1320 414 1357 trahere
441 1318 647 1362 amicitiam,
685 1317 861 1366 dissipare
888 1317 1123 1354 discordiam.
1195 1316 1323 1364 Atque
1355 1315 1427 1354 hoc

268 1373 416 1422 quidem
444 1384 570 1408 omnes
596 1370 769 1407 mortales
797 1379 834 1408 et
860 1370 1088 1419 intelligunt,
1118 1374 1156 1407 et
1183 1381 1224 1406 re
1258 1369 1430 1419 probant.

268 1427 410 1475 Itaque,
432 1427 461 1462 si
480 1424 629 1473 quando
648 1423 796 1472 aliquod
816 1423 975 1460 officium
994 1423 1136 1461 exstitit
1155 1422 1261 1460 amici
1273 1423 1313 1460 in
1330 1424 1426 1474 peri-

267 1481 358 1517 culis
376 1484 442 1517 aut
459 1478 640 1515 adeundis
658 1483 723 1515 aut
750 1477 1074 1522 communicandis,
1095 1477 1176 1526 quis
1203 1481 1270 1522 est,
1298 1477 1362 1526 qui
1385 1477 1425 1515 id

265 1547 342 1571 non
355 1528 523 1570 maximis
542 1532 669 1568 efferat
695 1531 866 1567 laudibus
885 1530 904 1567 ἶ)
933 1530 1008 1576 Qui
1027 1530 1204 1568 clamores
1221 1534 1302 1568 tota
1319 1542 1431 1569 eavea

266 1600 385 1637 nuper
412 1587 450 1623 in
486 1585 640 1634 hospitis
668 1590 705 1622 et
738 1584 844 1621 amici
879 1585 960 1628 mei,
990 1583 1111 1621 Marci
1141 1583 1298 1629 Pacuvii,
1335 1595 1430 1622 nova

264 1641 411 1679 fabula:
432 1652 557 1689 quum,
572 1640 768 1688 ignorante
784 1637 900 1686 Rege,
915 1644 998 1675 uter
1015 1646 1142 1675 eorum
1155 1643 1250 1675 esset
1263 1637 1429 1684 Orestes,

266 1695 426 1745 Pylades
446 1693 615 1730 Orestem
635 1705 674 1729 se
692 1705 770 1729 esse
788 1691 938 1737 diceret,
968 1696 1011 1729 ut
1037 1704 1104 1741 pro
1115 1691 1179 1728 illo
1205 1696 1426 1737 necaretur;

267 1749 419 1786 Orestes
437 1753 572 1790 autem,
588 1747 641 1783 ita
655 1751 696 1783 ut
711 1750 800 1790 crat,
818 1745 989 1782 Orestem
1008 1757 1047 1782 se
1063 1758 1142 1782 esse
1153 1746 1424 1794 perseveraret!

266 1803 416 1840 Stantes
433 1800 660 1851 plaudebant
677 1800 716 1836 in
735 1812 774 1835 re
792 1800 879 1836 ficta
898 1812 906 1835 :
936 1799 1026 1848 quid
1045 1799 1265 1836 arbitramur
1281 1798 1322 1834 in
1339 1810 1426 1836 vera

265 1857 375 1893 fuisse
393 1855 554 1892 facturos
573 1854 592 1890 P
621 1853 743 1890 Facile
758 1852 949 1890 indicabat
964 1852 1044 1902 ipsa
1061 1857 1194 1890 natura
1204 1851 1278 1888 vim
1297 1864 1398 1889 suam
1415 1866 1422 1890 :

265 1923 378 1959 quum
396 1909 574 1954 homines,
604 1907 705 1956 quod
730 1907 849 1943 facere
873 1906 943 1954 ipsi
969 1918 1043 1942 non
1070 1910 1231 1955 possent,
1260 1905 1300 1942 id
1326 1911 1427 1944 recte

263 1964 343 2001 fieri
370 1964 409 2000 in
437 1962 554 1999 altero
574 1961 801 2010 judicarent.
865 1958 1059 1996 Hactenus
1092 1959 1183 1995 mihi
1210 1958 1348 2004 videor,
1377 1959 1424 1996 de

264 2016 425 2054 amicitia
451 2015 542 2065 quid
561 2015 744 2060 sentirem,
764 2014 926 2063 potuisse
944 2013 1079 2049 dicere.
1116 2012 1229 2062 Siqua
1247 2018 1425 2061 praeterea

265 2076 362 2115 sunt,
385 2069 513 2120 (eredo
533 2074 655 2106 autem
674 2080 752 2105 esse
768 2065 899 2117 multa)
929 2066 976 2102 ab
1002 2066 1058 2112 iis,
1079 2066 1109 2103 si
1136 2066 1332 2113 videbitur,
1357 2067 1420 2117 qui

264 2125 336 2161 ista
349 2124 553 2173 disputant,
574 2122 781 2170 quaeritote.
835 2120 900 2157 25.
927 2119 1049 2156 FANN.
1105 2119 1185 2157 Nos
1203 2126 1326 2158 autem
1344 2133 1366 2157 a
1385 2125 1423 2158 te

263 2177 386 2226 potius
402 2191 410 2213 :
427 2188 633 2224 quanquam
653 2175 764 2212 ctiam
782 2175 828 2211 ab
845 2173 925 2211 istis
944 2186 1039 2222 saepe
1053 2174 1213 2222 qnaesivi,
1234 2177 1272 2212 et
1285 2173 1421 2220 audivi,

263 2243 339 2268 non
367 2231 505 2267 invitus
542 2229 738 2276 equidem:
781 2227 845 2264 sed
872 2226 973 2263 aliud
1000 2228 1187 2275 quoddam
1215 2227 1419 2277 expetimus

262 2285 366 2321 filum
394 2283 570 2321 orationis
597 2288 684 2320 tuae.
759 2281 883 2319 Scaev.
941 2281 1039 2317 Tum
1065 2281 1177 2329 magis
1203 2281 1243 2319 id
1269 2281 1418 2326 diceres,

265 2337 395 2383 Fanni,
424 2338 453 2373 si
479 2349 598 2386 nuper
624 2337 664 2372 in
687 2335 803 2372 hortis
823 2334 1016 2384 Scipionis,
1045 2346 1158 2383 quum
1184 2339 1240 2373 est
1267 2334 1315 2372 de
1340 2334 1416 2372 Re-

261 2391 409 2440 publica
439 2389 680 2441 disputatum,
702 2389 892 2426 adfuisses.
966 2388 1096 2434 Qualis
1130 2393 1210 2426 tum
1244 2393 1420 2438 patronus
