1496 2671
269 118 316 155 14
542 119 747 157 LAELIUS
779 119 855 157 DE
881 120 1148 160 AMICITIA,

267 225 406 264 duobus
423 225 577 264 ducibus
604 226 675 264 de
667 227 817 277 imperio
836 228 870 264 in
901 226 1006 265 Italia
1038 228 1274 275 decertatum,
1302 227 1444 279 Pyrrho

265 286 301 317 et
330 280 554 318 Hannibale.
610 281 673 318 Ab
701 281 821 328 altero,
851 289 994 331 propter
1020 282 1233 332 probitatem
1253 280 1347 331 ejus,
1366 294 1441 322 non·

266 334 374 371 nimis
401 334 537 371 alienos
556 335 698 371 animos
717 334 922 372 habemus·
913 362 923 382 ,
952 336 1115 384 alterum,
1129 342 1273 386 propter
1286 336 1437 375 crudeli-

270 394 394 435 tatem,
413 400 558 438 semper
576 387 656 426 liaec
675 389 800 426 civitas
819 389 944 426 oderit.

320 440 390 478 IX.
417 442 483 478 29.
514 441 622 487 Quod
650 444 678 479 si
706 448 802 479 tanta
831 444 885 480 vis
912 442 1094 492 probitatis
1118 450 1186 491 est,
1214 449 1250 481 ut
1268 456 1350 483 eam
1381 446 1439 483 vel

264 496 301 531 in
329 496 392 541 eis,
414 509 504 545 quos
532 508 718 546 nunquam
748 497 917 542 vidimus,
944 496 1014 542 vel,
1035 497 1132 544 quod
1158 497 1280 546 majus
1306 505 1372 545 est,
1400 499 1437 536 in

264 548 366 586 hoste
383 550 490 587 etiam
512 549 729 598 diligamus:
759 550 844 599 quid
876 551 1020 595 mirum,
1049 550 1076 586 si
1106 552 1216 588 animi
1245 551 1439 591 hominum

269 611 609 653 moveantur,quum
619 604 975 652 eorum,quibusc.um
992 615 1059 640 usu
1068 603 1250 653 conjuncti
1264 618 1343 643 esse
1355 619 1438 657 pos-

265 666 358 703 sunt,
372 658 538 695 virtutem
555 665 591 695 et
608 657 803 695 bonitatem
824 658 1026 706 perspicere
1048 657 1233 696 videantur
1251 659 1270 698 ἵ)
1308 660 1439 706 Quan-

265 722 372 760 quam
403 711 637 749 confirmatur
672 724 775 748 amor
809 718 845 748 et
864 711 1041 748 beneficio
1070 719 1236 761 accepto,
1262 718 1298 750 et
1323 715 1438 752 studio

262 771 460 814 perspecto,
489 772 524 802 et
559 765 818 802 consuetudine
855 762 1051 813 adjuncta:
1088 766 1219 814 quibus
1252 766 1360 805 rebus
1393 768 1438 806 ad

260 818 361 855 illum
377 820 534 869 primum
553 824 688 856 motum
710 820 821 855 animi
841 826 877 855 et
894 819 1026 856 amoris
1038 818 1216 866 adhibitis,
1231 819 1436 859 admirabil—

266 873 296 908 is
314 873 478 921 quaedam
500 872 703 910 exardescit
730 872 989 910 benevolentiae
1018 873 1223 922 magnitudo
1243 886 1252 912 :
1280 888 1391 924 quam
1410 878 1437 912 si

265 927 323 974 qui
354 932 486 975 putant
513 927 560 963 ab
597 927 838 963 imbecillitate
865 927 1059 975 proficisci,
1091 932 1127 964 ut
1155 927 1210 975 sit,
1239 940 1304 977 per
1331 941 1438 979 quem

264 982 414 1030 quisque
435 986 655 1030 assequatur,
676 979 770 1030 quod
788 979 963 1017 desideret
982 995 991 1028 3
1020 981 1196 1018 humilem
1217 994 1305 1019 sane
1333 983 1440 1020 relin-

265 1041 390 1082 quunt,
410 1040 446 1070 et
465 1035 625 1072 minime·
643 1046 868 1082 generosum,
890 1043 927 1071 ut
954 1035 1002 1071 ita
1021 1034 1154 1082 dicam,
1175 1041 1289 1074 ortum
1309 1037 1438 1074 amici-

263 1088 330 1134 tiae,
352 1101 460 1137 quam
481 1101 530 1125 ex
550 1089 669 1138 inopia
690 1095 796 1137 atque
814 1087 1005 1136 indigentia
1024 1098 1146 1130 natam
1167 1089 1303 1128 volunt.
1333 1090 1443 1137 Quod

264 1143 292 1178 si
314 1143 362 1178 ita
377 1150 498 1190 esset3
527 1149 561 1179 ut
589 1143 741 1192 quisque
771 1142 957 1180 minimum
979 1143 1014 1179 in
1045 1154 1082 1179 se
1102 1155 1181 1180 esse
1200 1144 1435 1192 arbitraretur,

264 1197 312 1232 ita
330 1196 375 1232 ad
392 1197 590 1234 amicitiam
611 1204 703 1233 esset
724 1196 941 1245 aptissimus.
997 1196 1106 1241 Quod
1125 1196 1227 1245 longe
1245 1209 1351 1247 secus
1369 1205 1440 1236 est.

266 1249 327 1287 30.
358 1249 408 1286 Ut
424 1251 521 1287 enim
536 1251 686 1300 quisque
705 1249 769 1286 sibi
789 1249 981 1298 plurimum
1003 1250 1162 1296 confidit,
1181 1257 1218 1287 et
1233 1257 1271 1287 ut
1288 1253 1439 1302 qu1sque

266 1304 429 1342 maxime
444 1305 570 1342 virtute
585 1311 621 1341 et
639 1303 811 1352 sapientia
832 1304 883 1339 sic
899 1304 1058 1340 munitus
1076 1310 1142 1348 est,
1161 1310 1200 1341 ut
1219 1305 1314 1342 nullo
1325 1314 1440 1354 egeat,

265 1370 402 1407 suaque
421 1360 544 1395 onmia
562 1358 598 1394 in
628 1369 666 1394 se
686 1358 763 1406 ipso
791 1357 907 1405 posita
931 1356 1097 1405 judicet:
1126 1358 1175 1394 ita
1202 1357 1237 1394 in
1268 1359 1437 1398 amicitiis

266 1411 475 1460 expetendis
511 1411 742 1460 colendisque
781 1411 942 1447 maxime
978 1411 1136 1448 excellit.
1205 1411 1303 1458 Quid
1339 1413 1437 1452 enim

264 1465 461 1503 Africanus
497 1465 657 1514 indigens
689 1465 758 1501 mei
773 1465 792 1502 P
847 1464 1002 1503 Minime
1040 1463 1162 1502 hercle
1182 1477 1191 1502 z
1226 1478 1272 1503 ac
1299 1478 1345 1504 ne
1371 1479 1437 1516 ego

266 1520 410 1568 quidem
431 1520 523 1556 illius
543 1531 552 1556 z
581 1518 644 1555 sed
663 1530 728 1567 ego
756 1517 992 1556 admiratione
1013 1517 1171 1568 quadam
1190 1520 1327 1558 virtutis
1345 1519 1440 1569 ejus,

265 1573 324 1610 ille
357 1574 516 1610 vicissim
545 1573 713 1622 opinione
742 1571 888 1610 sortasse
915 1573 1099 1619 nonnulla,
1129 1585 1237 1622 quam
1275 1573 1320 1612 de
1347 1577 1437 1612 meis

267 1627 426 1665 moribus
444 1627 614 1672 habebat,
642 1638 701 1663 me
729 1626 881 1664 dilexit:
910 1628 1010 1665 auxit
1029 1627 1318 1665 benevolentiam
1347 1640 1434 1666 con-

265 1680 431 1719 suetudo.
489 1679 560 1717 Sed
580 1693 786 1730 quanquam
808 1682 972 1718 utilitates
991 1681 1111 1718 multae
1136 1689 1172 1719 et
1191 1693 1330 1730 magnae
1349 1695 1438 1720 con-

268 1742 401 1772 secutae
416 1742 510 1781 sunt,
528 1747 601 1771 non
621 1742 702 1772 sunt
721 1741 842 1772 tamen
863 1735 909 1771 ab
925 1747 1049 1772 earum
1069 1747 1131 1784 spe
1151 1747 1270 1772 causae
1289 1735 1435 1784 diligen-

265 1789 298 1825 di
319 1788 501 1838 profectae.
558 1789 622 1825 31.
652 1788 701 1825 Ut
727 1791 824 1826 enini
854 1789 1005 1826 benefici
1035 1789 1268 1837 liberalesque
1296 1801 1435 1837 sumus,

266 1855 337 1879 non
357 1849 395 1880 ut
412 1843 600 1890 exigamus
619 1843 779 1891 gratiam,
796 1844 931 1893 (neque
951 1844 1050 1880 enim
1069 1842 1285 1879 beneficium
1305 1842 1435 1881 soener·

265 1897 400 1945 amur‚)
429 1896 490 1933 sed
512 1905 638 1933 natura
666 1898 835 1947 propensi
863 1897 908 1933 ad
936 1897 1181 1934 liberalitatem
1203 1909 1354 1945 sumus3
1383 1899 1435 1935 sic

266 1951 463 1987 amicitiam
483 1963 554 1986 non
573 1962 637 1999 spe
658 1951 832 1987 mercedis
852 1950 1008 1997 adducti,
1027 1949 1090 1987 sed
1110 1950 1202 2001 quod
1223 1952 1342 1988 omnis
1355 1951 1436 2000 ej'us

264 2004 425 2042 fructus
417 2017 452 2040 in
481 2005 559 2053 ipso
578 2016 700 2041 amore
721 2006 821 2051 inest,
842 2004 1082 2054 expetendam
1111 2011 1292 2059 putamus.
1366 2006 1431 2043 32.

266 2058 345 2094 At
337 2060 374 2105 ii,
402 2060 462 2106 qui
489 2057 670 2107 pecudum
703 2059 768 2095 ritu
797 2058 843 2095 ad
863 2059 1082 2107 voluptatem
1111 2059 1233 2095 omnia
1264 2058 1432 2106 r,eserunt

266 2113 368 2160 longe
387 2112 610 2148 dissentiunt,
666 2112 748 2149 Nec
777 2125 843 2149 mu
846 2125 919 2149 um
976 2111 1073 2149 Nihil
1092 2114 1189 2150 enim
1208 2113 1333 2159 altum,
1346 2087 1432 2150 nihil

266 2166 499 2213 magnificum
520 2165 736 2203 acdivinum
755 2167 937 2215 suspicere
953 2172 1116 2215 possunt,
1127 2167 1187 2216 qui
1207 2179 1291 2203 suas
1305 2179 1433 2204 omnes

266 2220 497 2266 cogitationes
516 2218 725 2266 abjecerunt
739 2220 773 2255 in
795 2232 869 2257 rem
891 2228 964 2257 tam
983 2219 1157 2258 humilem
1178 2226 1325 2269 tamque
1344 2233 1432 2258 con-

266 2279 456 2321 temptam.
511 2273 760 2317 Quamobrem
782 2273 847 2311 lios
875 2273 1019 2323 quidem
1039 2274 1084 2310 ab
1103 2273 1173 2311 hoc
1192 2285 1357 2312 sermone
1376 2286 1432 2311 re·-

267 2338 500 2364 moveamus:
528 2326 593 2374 ipsi
613 2335 733 2363 autem
752 2328 1003 2376 intelligamus,
1031 2335 1157 2365 natura
1175 2328 1265 2378 gigni
1285 2339 1430 2365 sensum

266 2380 429 2430 diligendi
464 2387 499 2418 et
526 2380 784 2419 benevolentiae
811 2383 1010 2430 caritatem,
1045 2381 1140 2420 facta
1176 2381 1438 2431 significatione
