1496 2671
282 106 334 143 24
586 117 686 144 CATO
702 118 832 145 MAJOR
849 117 902 144 DE
922 119 1158 147 sannorum.

275 214 339 262 jus
358 214 459 252 inter
477 214 637 263 primum
658 219 696 252 et
714 219 864 253 sextum
893 215 1141 254 Consulatum
1159 228 1224 253 sex
1243 220 1283 255 et
1300 217 1459 265 quadra-

277 269 385 316 ginta
399 268 488 305 anni
501 268 764 307 interfuerunt.
820 269 952 318 Itaque
965 274 1148 318 quantum
1161 270 1324 319 spatium
1339 272 1464 310 aetatis

280 322 438 371 majores
469 322 588 360 nostri
626 321 674 359 ad
711 324 913 361 senectutis
948 323 1097 362 initium
1135 336 1214 361 esse
1250 324 1463 371 voluerunt,

278 381 407 414 tantus
434 375 489 412 illi
517 388 647 413 cursus
673 375 857 414 honorum
893 376 976 414 suit.
1031 377 1160 425 Atque
1187 377 1268 426 ejus
1294 383 1462 417 extrema

279 435 370 466 aetas
389 429 460 466 hoc
475 429 630 475 beatior,
650 441 760 478 quam
780 430 915 475 media,
930 429 1032 478 quod
1045 431 1278 469 auctoritatis
1296 431 1381 481 plus
1398 431 1465 469 ha-

277 483 400 528 bebat,
420 483 558 520 laboris
576 496 664 520 vero
682 483 819 521 minus.
895 485 1006 533 Apex
1034 489 1160 521 autem
1179 485 1387 524 senectutis
1405 491 1464 524 est

277 537 494 574 auctoritas.
552 535 617 574 61.
648 537 802 582 Quanta
819 537 891 575 fuit
909 537 947 573 in
968 536 1087 574 Lucio
1108 537 1259 575 Caecilio
1275 539 1430 577 Metello
1447 539 1457 577 1

276 594 417 636 quanta
433 590 473 626 in
491 590 627 628 Attilio
648 591 822 629 Calatino
838 592 846 628 1
877 591 916 627 in
936 602 1046 638 quem
1064 590 1160 627 illud
1179 591 1342 640 elogium
1371 592 1458 630 uni-

275 656 384 681 cum:
414 654 606 681 PLURlMAE
634 654 904 681 CONSENTIUNT
941 653 1103 688 GENTES,
1137 654 1285 682 POPULI
1316 656 1463 683 PRIMA·

275 707 380 733 mum
409 708 546 734 Fuisse
578 708 719 735 vnum.
775 698 921 735 Notum
951 701 1008 735 est
1035 708 1197 742 carmen,
1227 698 1384 736 incisum
1421 700 1461 737 in

275 751 459 799 sepulcro.
514 751 539 789 J
543 764 610 788 ure
623 751 744 800 igitur
761 752 899 800 gravis,
919 750 1026 799 cujus
1039 751 1086 788 de
1104 751 1280 789 laudibus
1294 753 1461 791 omnium

275 810 372 843 esset
390 805 488 841 fama
508 805 758 842 consentiens.
798 805 921 850 Quem
941 804 1062 841 virum
1077 803 1252 842 Publium
1271 805 1460 854 Crassum,

274 870 396 906 nuper
414 858 633 895 Pontificem
663 858 877 904 maximum,
909 870 1019 907 quem
1037 863 1169 907 postea
1188 858 1358 897 Marcum
1386 860 1460 899 Le-

275 912 416 960 pidum,
438 911 567 948 codem
588 911 796 950 sacerdotio
815 912 1028 961 praeditum,
1048 911 1233 950 vidimus!
1291 913 1395 959 Quid
1414 915 1462 952 de

279 964 411 1002 Paullo
425 970 491 1002 aut
505 965 685 1003 Africano
699 966 842 1014 loquar,
853 971 929 1011 aut,
945 970 990 1003 nt
998 964 1076 1014 jam
1091 972 1190 1012 ante,
1207 966 1255 1003 de
1267 966 1462 1006 Maximo?

276 1030 434 1066 quorum
454 1031 530 1055 non
550 1019 588 1055 in
609 1020 793 1058 sententia
805 1020 937 1065 solum,
955 1019 1017 1056 sed
1034 1019 1144 1056 etiam
1161 1019 1201 1056 in
1216 1025 1312 1058 nutu
1323 1021 1464 1060 reside-

277 1072 341 1110 bat
370 1072 587 1110 auctoritas.
643 1073 773 1111 Habet
810 1078 994 1118 senectus,
1033 1072 1216 1111 honorata
1242 1075 1461 1123 praesertim,

273 1131 416 1163 tantam
430 1127 704 1175 auctoritatem,
718 1132 762 1165 ut
777 1140 820 1164 ea
834 1127 951 1177 pluris
967 1126 1026 1172 sit,
1041 1138 1151 1174 quam
1171 1139 1299 1165 omnes
1313 1128 1458 1167 adoles-

274 1180 408 1217 centiae
428 1180 654 1229 voluptates.

329 1233 479 1270 XVIII.
509 1233 574 1270 62.
605 1234 681 1271 Sed
707 1234 747 1271 in
766 1234 867 1271 omni
895 1233 1077 1280 oratione,
1106 1238 1346 1281 mementote,
1376 1247 1459 1274 eam

275 1300 335 1323 me
361 1287 517 1324 laudare
536 1293 778 1333 senectutem,
809 1299 891 1335 quae
911 1287 1167 1325 fundamentis
1195 1288 1458 1328 adolescentiae

275 1341 482 1378 constituta
511 1341 572 1378 sit.
629 1341 690 1378 Ex
717 1354 790 1389 quo
822 1341 861 1377 id
891 1341 1061 1386 efficitur,
1091 1341 1193 1389 quod
1220 1354 1291 1390 ego
1317 1355 1457 1392 magno

274 1394 464 1442 quondam
501 1407 585 1431 cum
624 1407 775 1432 assensu
809 1394 976 1431 omnium
1014 1394 1092 1432 dixi
1113 1408 1122 1432 :
1169 1395 1350 1434 Miseram
1384 1409 1458 1435 esse

270 1453 498 1493 senectutem,
518 1460 602 1497 quoe
629 1461 665 1485 se
683 1450 847 1486 oratione
865 1448 1082 1499 defenderet.
1138 1448 1228 1486 Non
1256 1449 1353 1495 cani,
1380 1463 1458 1488 non

273 1513 378 1550 rugae
397 1507 553 1550 repente
567 1503 829 1540 auctoritatem
845 1502 1007 1551 arripere
1021 1508 1200 1551 possunt:
1222 1503 1287 1540 sed
1298 1503 1456 1543 honeste

275 1561 359 1592 acta
378 1555 547 1604 superior
575 1561 666 1593 aetas
693 1556 837 1593 fructus
864 1555 963 1604 capit
990 1555 1224 1594 auctoritatis
1251 1562 1452 1596 extremos.

273 1608 337 1646 63.
367 1608 465 1645 Haec
484 1609 580 1646 enim
601 1609 682 1658 ipsa
700 1615 789 1647 sunt
806 1609 1050 1655 honorabilia,
1072 1622 1154 1658 quae
1170 1610 1348 1649 videntur
1361 1611 1458 1650 levia

273 1668 386 1709 atque
394 1663 616 1709 communia,
633 1663 798 1708 salutari,
816 1663 953 1712 appeti,
968 1663 1112 1709 decedi,
1128 1664 1284 1713 assurgi,
1304 1665 1454 1712 deduci,

273 1716 413 1761 reduci,
435 1717 602 1754 consuli:
633 1729 714 1765 quae
735 1723 773 1754 et
793 1717 892 1766 apud
912 1729 981 1754 nos
1000 1722 1039 1755 et
1056 1717 1095 1754 in
1123 1717 1205 1754 aliis
1224 1718 1451 1766 civitatibus,

272 1775 314 1807 ut
332 1781 490 1818 quaeque
501 1770 641 1819 optime
653 1776 808 1816 morata,
825 1771 878 1808 ita
892 1770 1178 1815 diligentissime
1192 1771 1451 1812 observantur.

270 1823 510 1872 Lysandrum
539 1823 882 1870 Lacedaemonium,
921 1824 1027 1872 cujus
1066 1823 1178 1861 modo
1215 1825 1446 1864 mentionem

270 1877 351 1922 feci,
373 1876 498 1913 dicere
526 1877 633 1915 aiunt
651 1878 813 1923 solitum,
836 1878 1107 1915 Lacedaemone
1125 1889 1205 1914 esse
1231 1878 1450 1918 honestissi-

269 1943 371 1967 mum
408 1930 636 1968 domicilium
671 1932 884 1969 senectutis.
940 1932 1132 1980 Nusquam
1172 1931 1270 1968 enim
1301 1937 1450 1972 tantum
1477 1977 1481 1980 ,

273 1984 452 2021 tribuitur
471 1985 586 2030 aetati,
614 1997 795 2033 nusquam
824 1991 880 2022 est
899 1990 1071 2023 senectus
1090 1985 1316 2023 honoratior.
1348 1987 1452 2032 Quin

267 2038 378 2075 ctiam
393 2038 580 2075 memoriae
605 2040 794 2088 proditum
811 2043 879 2084 est,
900 2051 1012 2087 quum
1033 2038 1206 2084 Athenis,
1235 2039 1347 2087 ludis,
1366 2041 1447 2089 qui-

269 2091 355 2127 dam
375 2091 414 2127 in
443 2091 632 2130 theatrum
651 2093 806 2141 grandis
824 2098 915 2130 natu
945 2093 1118 2138 venisset,
1139 2091 1177 2128 in
1197 2104 1334 2142 magno
1361 2107 1451 2132 con-

265 2157 366 2180 sessu
385 2145 507 2181 locum
528 2146 561 2182 ei
589 2159 611 2183 a
638 2146 713 2183 suis
741 2146 882 2183 civibus
910 2159 1092 2195 nusquam
1119 2146 1251 2183 datum
1272 2159 1282 2193 ;
1328 2159 1443 2196 quum

267 2202 392 2235 autem
412 2199 458 2234 ad
480 2198 789 2237 Lacedaemonios
826 2200 1050 2246 accessisset,
1089 2201 1162 2248 qui,
1179 2199 1293 2249 legati
1330 2214 1444 2251 quum

267 2257 404 2296 essent,
425 2256 528 2289 certo
546 2253 584 2289 in
605 2254 687 2290 loco
716 2253 974 2298 consederant,
1003 2254 1278 2292 consurrexisse
1304 2267 1444 2302 omnes,

269 2312 307 2342 et
330 2317 454 2342 senem
485 2306 593 2342 illum
615 2319 753 2343 sessum
775 2308 970 2357 recepisse.
1025 2307 1088 2345 64.
1120 2308 1269 2354 Quibus
1296 2320 1408 2357 quum
1429 2323 1451 2347 a

264 2363 402 2396 cuncto
429 2371 602 2397 consessu
632 2360 783 2409 plausus
811 2366 908 2399 esset
934 2361 1132 2411 multiplex
1159 2362 1282 2409 datus,
1309 2362 1449 2400 dixisse
