1496 2671
226 112 275 150 10
582 110 878 152 AGRICOLAE
905 113 1055 153 VITA.

221 220 400 270 gantibus
427 218 628 269 perhibent
647 231 657 256 :
685 234 734 258 ne
754 221 874 259 ventis
901 222 1054 272 quidem
1072 220 1230 272 perinde
1257 220 1377 261 attolli
1398 235 1408 261 :

226 274 340 311 credo
361 273 463 323 quod
488 274 648 311 rariores
665 279 776 312 terrae
804 281 1035 324 montesque,
1056 288 1167 313 causa
1185 288 1228 313 ac
1254 276 1412 315 materia

223 331 501 376 tempestatum,
523 332 562 365 et
589 327 778 376 profunda
803 329 920 366 moles
938 329 1109 367 continui
1126 329 1239 367 maris
1265 330 1410 368 tardius

222 381 442 430 impellitur.
462 381 649 419 Naturam
671 381 813 419 Oceani
831 387 945 431 atque
964 387 1077 420 cestus
1103 395 1227 433 neque
1245 395 1414 432 quaerere

222 434 334 483 hujus
363 434 485 483 operis
513 440 581 481 est,
612 447 655 472 ac
683 435 794 473 multi
821 436 1007 479 retule1·e;
1036 449 1154 473 unum
1182 436 1408 482 addiderim,

224 501 409 537 nusquam
436 488 550 525 latius
577 488 763 525 dominari
791 501 904 534 mare,
934 489 1094 527 multum
1113 490 1311 527 fluminum
1336 490 1412 527 huc

224 548 338 589 atque
354 541 446 578 illuc
464 541 573 586 ferre,
588 554 658 579 nec
672 542 783 580 litore
796 547 908 579 tenus
922 555 1134 580 accrescere
1145 548 1210 581 aut
1217 544 1413 588 resorberi,

224 595 292 632 sed
308 594 465 632 influere
481 596 632 644 penitus
651 601 763 644 atque
775 595 928 642 ambire,
949 603 988 634 et
995 596 1100 645 jugis
1119 597 1234 634 etiam
1253 609 1296 634 ac
1306 609 1413 634 mon-

222 649 327 687 tibus
345 648 461 685 inseri
478 649 582 687 velut
594 649 635 685 in
655 662 737 686 suo.

279 701 349 740 XI.
381 702 570 748 Ceterum,
611 702 848 740 Britanniam
881 702 946 752 qui
973 703 1149 741 mortales
1176 702 1286 741 initio
1313 703 1413 740 colu-

224 755 336 802 erint,
349 755 539 805 indigenae
556 769 604 793 au
618 756 778 802 advecti,
792 761 836 794 ut
847 756 947 794 inter
957 756 1298 806 barbaros,‘pa1·um
1314 768 1414 794 com-

225 814 388 859 pertum.
462 809 629 847 Habitus
658 822 858 859 corporum
887 810 1005 847 varii:
1037 816 1150 859 atque
1165 823 1212 847 ex
1231 823 1276 848 eo
1296 822 1411 860 argu-

225 868 372 900 menta:
402 875 568 911 namque
587 863 710 900 rutilae
737 863 981 901 Caledoniam
999 864 1254 902 habitantium
1282 875 1414 910 comas,

226 916 353 965 magni
369 921 484 961 artus,
498 916 763 953 Germanicam
781 917 966 965 originem
981 917 1217 956 adseverant.
1247 916 1414 955 Silurum

226 970 384 1007 colorati
403 970 542 1016 vultus,
558 975 596 1008 et
614 970 704 1008 torti
718 971 936 1019 plerumque
948 971 1081 1017 crines,
1098 976 1137 1009 et
1151 971 1275 1020 posita
1285 975 1419 1010 contra.

232 1023 430 1073 Hispania,
462 1023 590 1061 Iberos
616 1029 762 1062 veteres
789 1024 990 1073 trajecisse,
1020 1036 1156 1073 easque
1174 1025 1281 1062 sedes
1309 1036 1419 1062 occu-

228 1090 334 1126 passe
353 1076 467 1114 fidem
483 1077 650 1115 faciunt:
686 1077 847 1127 proximi
869 1078 987 1115 Gallis
1007 1083 1044 1115 et
1064 1078 1203 1115 similes
1222 1082 1333 1116 sunt:
1354 1090 1422 1116 seu

227 1131 390 1168 durante
410 1131 566 1179 originis
585 1131 644 1176 vi3
667 1144 744 1177 seu,
765 1132 1074 1180 procurrentibus
1086 1132 1126 1169 in
1139 1131 1417 1178 diversaterris,

227 1184 364 1234 positio
401 1185 487 1221 coeli
515 1185 735 1235 corporibus
771 1185 942 1223 habitum
976 1185 1105 1223 dedit:
1135 1185 1177 1222 in
1203 1185 1420 1223 universum

228 1244 353 1276 tamen
371 1239 585 1283 aestimanti,
606 1239 736 1276 Gallos
747 1239 912 1275 vicinum
928 1238 1048 1275 solum
1067 1251 1279 1287 occupasse,
1300 1238 1421 1276 credi-

229 1292 303 1328 bile
322 1296 391 1329 est.
432 1291 574 1328 Eorum
593 1305 698 1329 sacra
716 1291 987 1340 deprehendas,
1009 1292 1321 1341 superstitionum
1335 1303 1420 1342 per·

228 1345 423 1384 suasione:
456 1358 577 1382 sermo
594 1345 698 1382 haud
717 1345 878 1381 multum
896 1345 1084 1382 diversus:
1114 1345 1156 1381 in
1176 1344 1423 1394 deposcendis

227 1399 404 1448 periculis
419 1399 550 1436 eadem
567 1398 741 1441 audacia3
759 1403 808 1444 et,
822 1398 887 1434 ubi
900 1398 1097 1443 advenere,
1111 1398 1151 1434 in
1167 1398 1423 1437 detrectandis

233 1452 365 1489 eadem
385 1452 569 1490 formido:
587 1452 672 1500 plus
691 1457 819 1489 tamen
837 1452 985 1489 ferociae
1007 1452 1184 1489 Britanni
1203 1452 1421 1501 praeferunt,

229 1512 273 1543 ut
288 1518 382 1555 quos
401 1506 572 1543 nondum
586 1506 701 1554 longa
719 1517 793 1554 pax
813 1506 1012 1544 emollierit
1029 1518 1037 1543 :
1067 1518 1155 1542 nam
1177 1505 1308 1543 Gallos
1328 1517 1423 1556 quo-

229 1571 300 1607 que
318 1560 358 1595 in
377 1560 484 1597 bellis
503 1559 672 1596 floruisse
692 1559 904 1607 accepimus
924 1573 932 1596 :
955 1572 1044 1596 mox
1063 1559 1225 1608 segnitia
1242 1571 1327 1596 cum
1345 1559 1425 1597 otio

229 1613 398 1659 intravit,
421 1613 555 1650 amissa
567 1613 708 1651 virtute
722 1613 864 1661 pariter
875 1625 918 1650 ac
932 1613 1108 1650 libertate
1123 1626 1131 1650 :
1155 1613 1256 1662 quod
1273 1612 1425 1651 Britan-

231 1679 365 1703 norum
392 1667 482 1704 olim
509 1667 617 1704 victis
645 1666 796 1705 evenit:
826 1667 942 1705 ceteri
971 1672 1137 1713 manent,
1163 1666 1290 1716 quales
1321 1666 1422 1705 Galli

231 1720 397 1759 fuerunt.

287 1774 375 1811 XII.
404 1774 450 1811 In
488 1774 614 1822 pedite
650 1773 766 1810 robur
788 1786 795 1811 :
827 1773 1000 1822 quaedam
1037 1773 1210 1812 nationes
1244 1777 1284 1812 et
1309 1785 1421 1811 curru

232 1828 455 1876 proeliantur
471 1841 479 1865 ε
497 1827 693 1866 honestior
706 1827 849 1876 auriga,
867 1828 1023 1865 clientes
1036 1832 1290 1877 propugnant.
1318 1827 1420 1864 Olim

233 1881 384 1929 regibus
400 1882 594 1930 parebant,
609 1893 784 1929 nuncper
796 1881 982 1931 principes
997 1881 1223 1918 factionibus
1236 1885 1275 1918 et
1289 1880 1424 1918 studiis

233 1935 437 1973 trahuntur
459 1948 466 1971 :
497 1947 566 1972 nec
594 1935 697 1972 aliud
724 1935 902 1972 adversus
932 1934 1175 1971 validissimas
1194 1939 1327 1983 gentes
1354 1946 1424 1984 pro

235 1988 342 2025 nobis
370 1989 513 2034 utilius,
543 2000 655 2036 quam
684 1988 785 2036 quod
812 1989 853 2024 in
880 2000 1077 2025 commune
1105 2000 1181 2024 non
1207 1987 1423 2025 consulunt.

234 2042 360 2079 Rarus
410 2043 556 2079 duabus
592 2042 761 2080 tribusve
788 2041 1004 2080 civitatibus
1040 2040 1089 2078 ad
1125 2040 1423 2090 propulsandum

235 2107 435 2133 commune
455 2095 662 2145 periculum
681 2101 912 2133 conventus:
940 2095 1005 2140 ita,
1036 2095 1128 2131 dum
1158 2094 1298 2143 singuli
1325 2092 1423 2144 pug'-

233 2155 339 2193 nant,
361 2149 525 2186 universi
556 2149 772 2187 vincuntur.
829 2148 974 2185 Coelum
1002 2148 1143 2186 crebris
1170 2148 1352 2185 imbribus
1380 2160 1424 2185 ac

235 2202 381 2238 nebulis
395 2202 534 2239 foedum
550 2215 559 2239 ε
581 2203 761 2253 asperitas
773 2201 955 2250 frigorum
971 2202 1090 2240 abest.
1129 2201 1290 2244 Dierum
1303 2200 1424 2250 spatia

235 2256 334 2293 ultra
369 2256 489 2293 nostri
517 2256 617 2292 orbis
645 2267 887 2299 mensuram3
917 2268 994 2292 nox
1031 2255 1143 2301 clara,
1182 2259 1222 2292 et
1251 2259 1422 2305 entrema

238 2307 448 2346 Britanniae
469 2315 577 2358 parte
595 2309 730 2354 brevis,
745 2314 790 2347 ut
807 2309 920 2346 finem
939 2314 1053 2358 atque
1070 2308 1221 2347 initium
1239 2307 1334 2345 lucis
1345 2307 1421 2344 exi-

234 2374 310 2410 guo
322 2362 539 2401 discrimine
550 2363 794 2401 internoscas.
867 2362 982 2407 Quod
989 2363 1019 2401 si
1033 2363 1153 2400 nubes
1159 2374 1239 2400 non
1246 2361 1422 2405 officiant,
