1496 2671
196 196 245 234 74
537 198 583 236 C.
613 199 766 237 ,JULH
797 200 1057 239 CAESARIS

195 316 420 352 percurrere
454 311 491 341 et
524 305 563 342 in
590 305 689 356 jugo
720 308 897 346 insistere
930 315 968 346 et
996 309 1086 346 inde
1115 321 1155 346 se
1184 308 1223 346 in
1253 322 1392 348 currus

195 358 380 394 citissime
399 359 571 407 recipere
591 362 826 398 consuerint.

247 410 452 448 XXXIV.
485 411 636 458 Quibus
654 416 780 460 rebus,
803 416 1038 463 perturbatis
1057 417 1199 454 nostris
1219 416 1391 454 novitate

192 476 347 514 pugnae,
367 471 538 514 tempore
557 469 882 516 opportunissimo
903 468 1033 506 Caesar
1051 470 1241 507 auxilium
1270 471 1361 507 tulit
1381 485 1393 513 ;

194 531 360 567 namque
381 519 411 568 ej
421 532 463 557 us
483 521 650 558 adventu
672 523 801 559 hostes
821 523 1089 568 constiterunt,
1120 524 1242 561 nostri
1263 535 1305 561 se
1338 537 1388 561 ex

193 572 332 610 timore
351 582 594 622 receperunt.
653 574 740 621 Quo
759 575 872 620 facto,
892 576 940 612 ad
974 576 1234 614 lacessendum
1270 583 1308 614 et
1340 578 1389 614 ad

192 626 510 665 committendum
539 629 716 677 proelium
746 629 915 665 alienum
943 641 1026 666 esse
1054 636 1206 678 tempus
1226 631 1390 668 arbitra-

192 687 267 724 tus,
290 693 359 717 suo
377 694 416 718 se
436 681 519 719 loco
539 682 742 726 continuit,
764 689 803 719 et
823 682 932 718 brevi
961 689 1134 731 tempore
1152 684 1385 728 intermisso,

191 733 232 770 in
253 741 378 772 castra
396 735 567 783 legiones
587 736 758 773 reduxit.
797 735 900 772 Dum
922 736 1004 773 haec
1022 742 1223 785 geruntur,
1245 738 1389 774 nostris

192 789 371 825 omnibus
391 790 598 838 occupatis,
621 789 687 837 qui
707 796 818 826 erant
837 789 877 824 in
898 790 1002 837 agris
1022 789 1173 838 reliqui,
1202 791 1387 828 discesse-

192 848 296 878 runt.
357 841 507 879 Secutae
527 849 617 880 sunt
636 844 839 879 continuos
854 843 1070 890 complures
1085 845 1167 880 dies
1182 849 1387 892 tempesta-

191 902 262 937 tes,
284 907 369 944 quae
389 902 427 932 et
446 903 597 933 nostros
615 896 654 931 in
676 897 812 933 castris
841 896 1083 933 continerent
1116 902 1155 934 et
1186 897 1335 934 hostem
1367 910 1389 934 a

191 947 324 997 pugna
343 950 605 997 prohiberent.
663 949 828 986 Interim
848 950 1001 986 barbari
1021 951 1183 987 nuncios
1198 951 1239 987 in
1254 963 1386 988 omnes

191 1009 322 1050 partes
351 1003 581 1041 dimiserunt
626 1003 936 1051 paucitatemque
964 1010 1183 1040 nostrorum
1220 1004 1388 1041 militum

191 1057 273 1093 suis
293 1057 615 1106 praedicaverunt,
631 1064 670 1093 et
689 1063 832 1104 quanta
851 1058 989 1105 praedae
1010 1056 1194 1094 faciendae
1213 1063 1328 1105 atque
1346 1058 1388 1094 in

193 1118 424 1159 perpetuum
443 1111 502 1147 sui
522 1111 709 1147 liberandi
739 1109 903 1147 facultas
931 1111 1098 1154 daretur,
1129 1111 1162 1148 si
1192 1111 1386 1149 Romanos

191 1165 328 1201 castris
349 1165 602 1213 expulissent,
624 1165 998 1201 demonstraverunt.
1058 1164 1133 1200 His
1152 1165 1268 1201 r'ebus
1287 1164 1386 1202 cele-

191 1218 287 1255 riter
306 1220 447 1267 magna
468 1218 716 1254 multitudine
736 1217 931 1266 peditatfis
951 1217 1221 1266 equitatusque
1240 1215 1384 1262 coacta,

189 1273 238 1310 ad
258 1278 384 1309 castra
403 1278 607 1309 venerunt.

244 1325 428 1362 XXXV.
461 1325 602 1368 Caesar,
624 1323 696 1361 etsi
714 1325 816 1361 idem
836 1324 939 1372 quod
959 1324 1223 1372 superioribus
1251 1324 1387 1362 diebus

190 1380 392 1423 acciderat,
416 1378 498 1416 fore
517 1378 684 1422 videbat,
706 1383 759 1422 ut,
781 1378 813 1414 si
834 1383 962 1414 essent
981 1378 1109 1414 hostes
1125 1377 1236 1426 pulsi,
1251 1377 1386 1415 celeri-

189 1440 269 1470 tate
289 1433 502 1481 perieulum
523 1432 738 1480 eflugerent
759 1446 768 1474 ;
788 1441 916 1467 tamen
938 1437 1074 1468 nactus
1097 1431 1246 1479 equites
1275 1431 1385 1469 circi-

187 1493 248 1523 ter
268 1487 441 1536 triginta,
463 1498 559 1534 quos
581 1485 780 1522 Commius
802 1485 983 1529 Atrebas,
1005 1485 1052 1521 de
1081 1497 1158 1533 quo
1186 1491 1276 1521 ante
1303 1485 1385 1522 dic-

188 1547 272 1578 tum
301 1546 370 1584 est,
402 1551 528 1576 secum
558 1543 900 1587 transportaverat,
934 1537 1105 1587 legiones
1139 1537 1180 1574 in
1207 1538 1289 1575 acie
1315 1552 1386 1588 pro

186 1594 323 1632 castris
343 1592 558 1631 constituit.
617 1591 830 1630 Commisso
842 1591 992 1640 proelio,
1008 1591 1152 1628 diutius
1166 1598 1387 1629 nostrorum

187 1647 353 1684 militum
373 1647 559 1695 impetum
581 1646 710 1682 hostes
730 1644 832 1682 ferre
851 1657 927 1680 non
957 1650 1168 1692 potuerunt
1198 1657 1242 1682 ac
1275 1651 1385 1694 terga

187 1706 402 1738 verterunt.
463 1699 568 1745 Quos
588 1705 697 1736 tanto
725 1698 850 1747 spatio
881 1698 1014 1742 secuti,
1050 1704 1238 1746 quantum
1267 1711 1383 1736 cursu

187 1762 226 1792 et
246 1755 397 1791 viribus
417 1753 567 1790 efficere
588 1757 805 1801 potuerunt,
835 1752 1050 1800 complures
1080 1763 1131 1787 ex
1158 1751 1207 1788 iis
1236 1752 1382 1789 occide-

186 1815 278 1846 runt
301 1823 309 1850 ;
330 1808 480 1849 deinde,
502 1808 681 1844 omnibus
701 1806 816 1854 longe
835 1805 987 1852 lateque
1006 1804 1173 1841 adflictis
1192 1805 1378 1842 incensis-

185 1875 274 1911 que,
294 1874 335 1898 se
354 1862 395 1897 in
414 1867 540 1898 castra
560 1866 801 1908 receperunt.

240 1914 451 1952 XXXVI·
481 1913 629 1951 Eodem
643 1913 704 1950 (lie
717 1912 844 1961 legati,
862 1912 910 1948 ab
925 1911 1100 1947 hostibus
1113 1910 1218 1948 missi
1235 1911 1282 1948 ad
1297 1910 1383 1950 Cae-

186 1982 310 2007 sarem
331 1969 378 2006 de
399 1980 502 2017 pace,
524 1973 727 2004 venerunt.
786 1966 862 2002 His
884 1964 1014 2002 Caesar
1044 1977 1247 2001 numerum
1277 1966 1380 2002 obsi-

186 2024 292 2068 dum,
320 2034 436 2071 quem
467 2026 580 2057 antea
609 2021 876 2068 imperaverat,
908 2017 1133 2066 duplicavit,
1169 2030 1309 2067 eosque
1340 2019 1380 2054 in

186 2078 451 2113 continentem
470 2073 751 2121 adducijussit,
781 2072 894 2120 quod,
924 2069 1142 2120 propinqua
1171 2071 1233 2108 die
1261 2073 1381 2120 aequi-

185 2129 317 2172 noctii,
338 2128 503 2164 infirmis
523 2127 699 2172 navibus,
721 2126 838 2162 hiemi
859 2124 1149 2172 navigationem
1170 2123 1378 2172 subjicien-

185 2183 273 2220 dam
293 2194 370 2218 non
392 2181 652 2218 existimabat.
707 2179 798 2228 Ipse
813 2179 988 2215 idoneam
1005 2184 1273 2227 tempestatem
1289 2190 1379 2215 nac-

184 2245 258 2280 tus,
280 2235 409 2284 paullo
429 2240 514 2283 post
534 2233 698 2270 mediam
718 2238 869 2269 noctem
889 2244 1008 2268 naves
1027 2231 1154 2275 solvit,
1185 2243 1270 2279 quae
1298 2244 1378 2268 om-

185 2302 253 2327 nes
272 2288 483 2325 incolumes
503 2287 551 2324 ad
570 2286 832 2323 continentem
852 2290 1115 2333 pervenerunt
1130 2299 1140 2327 ;
1159 2285 1227 2321 sed
1246 2297 1295 2322 ex
1315 2284 1376 2321 his

184 2342 369 2381 onerariae
389 2341 473 2378 duae
494 2340 645 2377 eosdem
665 2351 761 2388 quos
780 2338 937 2387 reliquae
967 2344 1102 2387 portus
1134 2350 1270 2387 capere
1301 2349 1378 2374 non

184 2400 403 2450 potuerunt,
426 2394 493 2433 sed
513 2393 641 2447 paullo
661 2392 763 2430 infra
783 2392 913 2429 delatae
936 2398 1038 2434 sunt,
