1496 2671
561 81 924 121 ALCIBIADES.
1289 85 1340 121 23

155 193 282 238 vellet,
299 190 504 228 frueretur.
564 188 725 237 Semper
744 201 833 226 eum
853 189 1050 238 pedisequi
1071 201 1157 227 cum
1177 191 1345 228 nummis

154 251 244 284 sunt
279 244 415 289 secuti,
448 249 501 289 ut,
541 243 573 280 si
603 243 689 288 quis
722 242 804 290 opis
837 242 918 291 ejus
946 243 1148 292 indigeret,
1178 244 1340 281 haberet

154 297 256 347 quod
285 297 414 335 statim
453 296 572 341 daret,
611 308 660 333 ne
697 295 908 333 differendo
945 296 1143 334 videretur
1187 309 1343 346 negare.

156 351 290 400 Saepe,
321 363 441 400 quum
469 350 633 399 aliquem
661 349 850 386 offensum
869 349 1025 387 fortuna
1043 350 1194 388 videret
1213 351 1345 388 minus

152 405 250 442 bene
277 404 472 448 vestitum,
508 416 621 441 suum
651 403 859 440 amiculum
893 403 1009 439 dedit.
1069 402 1254 449 Quotidie
1289 405 1345 441 sic

151 470 272 496 coena
290 457 326 495 ei
345 457 591 505 coquebatur,
614 462 656 493 ut
676 468 772 505 quos
790 456 989 493 invocatos
1009 456 1170 495 vidisset
1187 458 1229 494 in
1248 457 1343 503 foro,

152 523 284 548 omnes
304 511 519 556 devocaret3
538 510 641 559 quod
659 509 787 547 facere
807 509 956 546 nullum
975 509 1077 546 diem
1101 511 1344 560 praetermit-

151 565 269 602 tebat.
325 563 436 601 Nulli
469 564 564 600 fides
596 562 691 611 ejus,
721 563 819 599 nulli
848 575 974 612 opera,
995 563 1093 600 nulli
1118 577 1179 602 res
1203 564 1345 602 famili·

153 618 231 655 aris
251 617 386 655 defuit.
443 616 590 654 Multos
618 616 885 665 locupletavit3
914 617 1128 666 complures
1156 630 1345 667 pauperes

151 676 334 715 mortuos,
355 669 445 721 :qui,
480 670 583 707 unde
602 669 843 715 efferrentur,
874 682 951 706 non
987 670 1243 718 reliquissent,
1276 684 1345 709 suo

155 730 312 773 sumptu
332 724 484 761 extulit.
544 723 609 761 Sic
624 735 663 760 se
675 723 854 772 gerendo,
871 723 1029 761 minime
1043 729 1100 761 est
1112 725 1344 770 mirandum,

153 778 186 815 si
206 785 243 815 et
262 778 344 815 vita
363 778 445 826 ejus
464 777 539 814 fuit
559 789 702 822 secura,
724 782 763 814 et
781 789 883 813 mors
904 778 1050 814 acerba.

503 947 600 984 VII.
631 945 989 985 ALCIBIADES.

207 1020 309 1059 CAP.
334 1023 365 1058 1.
423 1020 644 1058 Alcibiades
664 1027 700 1057 ec
717 1021 819 1058 vitiis
837 1028 873 1058 ec
890 1021 1096 1059 virtutibus
1123 1021 1290 1061 celebris.

206 1096 480 1141 ALCIBIADES,
517 1096 654 1134 Cliniae
686 1097 801 1140 filius,
837 1097 1106 1136 Atheniensis.
1173 1099 1222 1136 In
1259 1099 1342 1145 hoc,

152 1156 301 1195 natura,
323 1151 417 1199 quid
446 1150 594 1187 efficere
613 1150 745 1199 possit,
767 1151 922 1188 videtur
950 1157 1124 1201 experta.
1182 1152 1345 1191 Constat

153 1204 256 1241 enim
275 1204 378 1241 inter
397 1215 528 1241 omnes
541 1204 607 1252 qui
628 1204 675 1240 de
693 1216 738 1241 eo
753 1205 946 1241 memoriae
965 1205 1228 1252 prodiderunt,
1245 1207 1343 1243 nihil

152 1258 220 1294 illo
247 1257 367 1294 fuisse
386 1257 649 1302 excellentius,
670 1257 734 1294 vel
761 1258 802 1294 in
822 1258 930 1295 vitiis
958 1259 1021 1295 vel
1048 1259 1089 1295 in
1117 1259 1342 1297 virtutibus.

154 1310 283 1348 Natus
302 1311 343 1347 in
370 1308 605 1360 amplissima
623 1310 792 1356 civitate,
814 1323 962 1348 summo
989 1323 1142 1360 genere,
1173 1307 1352 1350 omnium¹

154 1365 290 1401 aetatis
318 1376 409 1402 suae
436 1364 557 1402 multo
585 1364 894 1407 formosissimus,
915 1365 963 1402 ad
983 1378 1114 1403 omnes
1133 1378 1195 1403 res
1214 1372 1342 1416 aptus,

154 1417 378 1466 consiliique
395 1418 548 1465 plenus3
566 1430 731 1466 namque
746 1419 954 1467 imperator
970 1418 1044 1455 fuit
1060 1431 1230 1456 summus
1245 1421 1343 1457 mari

156 1476 194 1507 et
212 1469 331 1508 terra:
361 1471 537 1515 disertus,
554 1476 598 1507 ut
615 1471 805 1520 imprimis
821 1470 980 1509 dicendo
995 1473 1159 1517 valeret3
1179 1478 1217 1510 et
1235 1479 1344 1512 tanta

154 1529 236 1561 erat
274 1524 552 1561 commendatio
589 1525 667 1561 oris
699 1530 814 1572 atque
852 1526 1047 1571 orationis,
1087 1533 1131 1563 ut
1163 1539 1274 1565 nemo
1307 1528 1343 1565 ei

155 1577 316 1614 dicendo
343 1583 471 1626 posset
498 1578 688 1614 resistere.
746 1578 867 1625 Idem,
889 1591 1009 1627 quum
1028 1584 1180 1629 tempus
1209 1593 1342 1629 posce-

154 1636 224 1675 ret,
245 1631 469 1675 laboriosus,
489 1631 650 1679 patiens,
672 1631 854 1674 liberalis,
876 1633 1098 1681 splendidus
1117 1646 1194 1670 non
1214 1635 1343 1671 minus

153 1685 194 1720 in
215 1682 297 1721 vita
325 1696 441 1732 quam
466 1685 590 1728 victu3
620 1684 797 1730 affabilis,
816 1685 991 1731 blandus,
1009 1687 1245 1736 temporibus
1265 1688 1341 1726 cal-

154 1737 339 1774 lidissime
358 1738 587 1775 inserviens:
620 1738 733 1781 idem,
756 1739 872 1775 simul
902 1751 947 1776 ac
980 1751 1020 1777 se
1038 1740 1252 1787 remiserat,
1271 1754 1342 1779 nec

155 1802 268 1828 causa
293 1792 460 1836 suberat,
481 1803 599 1839 quare
619 1792 737 1828 animi
756 1792 927 1829 laborem
946 1792 1145 1842 perferret,
1167 1793 1342 1832 luxurio-

156 1856 232 1889 sus,
253 1844 472 1888 dissolutus,
500 1845 739 1890 libidinosus,
760 1845 1033 1894 intemperans,
1062 1847 1341 1894 reperiebatur:

156 1903 199 1934 ut
218 1910 347 1934 omnes
376 1898 671 1943 admirarentur,
693 1899 733 1934 in
754 1911 830 1935 uno
858 1899 1014 1936 homine
1042 1905 1189 1937 tantam
1217 1901 1343 1939 inesse

156 1951 518 1997 dissimilitudinem,
539 1957 693 1998 tamque
713 1952 906 1989 diversam
926 1959 1116 1990 naturam.

159 2100 257 2139 CAP.
279 2101 333 2138 ΙΙ.
388 2101 609 2139 Alcibiadis
631 2110 910 2153 praeceptores:
947 2105 1164 2142 adolescens
1191 2113 1345 2143 amatus

546 2162 611 2201 est,
632 2162 667 2193 et
685 2157 765 2206 ipse
783 2159 941 2195 amavit.

212 2219 437 2256 EDUOATUS
451 2225 509 2256 est
528 2220 568 2256 in
584 2221 695 2257 domo
710 2221 887 2267 Periclis,
903 2222 1126 2272 (privignus
1142 2224 1244 2260 enim
1260 2224 1342 2272 ejus

160 2272 278 2309 fuisse
315 2272 487 2321 (licitur,)
526 2274 700 2311 eruditus
729 2287 751 2311 a
783 2275 954 2312 Socrate:
995 2289 1167 2313 socerum
1206 2278 1341 2314 habuit

161 2325 435 2374 Hipponicum,
457 2327 626 2363 omnium
658 2327 795 2365 Graxa
814 2328 945 2378 lingua
976 2329 1211 2378 loquentium
1232 2331 1341 2368 ditis=
