1496 2671
298 129 348 167 ‘24
584 126 788 167 LAELIUS
817 128 891 167 DE
918 128 1181 169 AMICITIA.

294 247 395 283 tetur,
417 243 480 273 aut
507 234 629 273 credat
658 236 808 273 oblatis:
835 247 917 286 quae
939 238 1064 275 omnia
1090 239 1270 289 pertinent
1295 239 1340 277 ad
1366 252 1465 289 eam,

293 305 404 343 quam
436 289 653 339 jamdudum
690 295 814 337 tracto,
845 292 1101 329 constantiam.
1168 291 1225 329 Ita
1260 293 1300 331 fit
1334 306 1461 333 verum

292 346 390 392 illud,
420 343 514 395 quod
545 343 642 380 initio
670 342 758 389 dixi,
786 343 997 389 amicitiam,
1024 344 1091 382 nisi
1119 346 1210 383 inter
1235 346 1363 397 bonOS,
1381 361 1462 388 esse

292 413 364 437 non
399 410 518 449 posse.
575 397 640 434 Est
675 397 773 433 enim
809 397 892 434 boni
929 398 1007 444 viri,
1035 410 1146 447 quem
1180 401 1339 439 eundem
1367 405 1462 453 sapi-

290 461 408 492 entem
428 454 515 490 licet
533 450 663 497 dicere,
683 449 765 488 haec
792 450 864 487 duo
882 456 1002 488 tenere
1021 452 1058 488 in
1076 453 1234 490 amicitia
1253 466 1262 492 :
1289 456 1462 504 primum,

291 521 336 545 ne
357 506 444 558 quid
478 507 605 542 fictum
638 505 694 551 sit,
724 516 818 541 neve
844 505 1085 543 simulatum:
1113 514 1233 556 aperte
1252 510 1368 547 enim
1403 512 1461 547 vel

290 561 419 607 odisse,
433 560 547 608 magis
556 559 704 606 ingenui
721 565 775 595 est
795 570 903 608 quam
914 558 1027 595 fronte
1042 560 1224 596 occultare
1235 563 1462 602 sementiam.

289 615 444 661 Deinde,
466 625 542 650 non*
558 612 672 649 solum
694 612 739 648 ab
760 612 882 661 aliquo
901 612 1027 649 allatas
1054 613 1326 656 criminationes
1342 619 1456 667 repel-

289 670 372 715 lere,
393 668 456 706 sed
475 679 521 704 ne
541 667 661 716 ipsum
690 665 836 714 quidem
856 677 935 702 esse
963 667 1218 715 suspiciosum,
1236 681 1378 719 semper
1393 671 1458 707 ali-

289 724 376 773 quid
395 722 664 760 existimantem
685 721 730 756 ab
751 719 870 755 amic-0
888 731 967 756 esse
983 720 1171 757 violatum.
1201 720 1263 759 66.
1295 723 1461 761 Accedat

287 777 360 814 huc
388 776 548 813 suavitas
576 773 744 823 quaedam
774 780 911 821 oportet
928 785 1137 811 sermonum
1166 782 1273 824 atque
1303 788 1457 823 morum,

288 830 573 879 haudquaquam
595 826 775 864 mediocre
802 826 1075 864 condimentum
1094 829 1280 867 amicitiae.
1336 829 1459 869 Tristi-

285 887 334 922 tia
353 891 474 921 autem
495 889 530 918 et
548 882 583 918 in
605 881 706 917 omni
723 892 760 916 re
775 880 959 926 severitas,
975 880 1083 918 habet
1095 882 1157 919 illa
1177 882 1324 931 quidem
1340 885 1456 932 gravi-

285 945 394 975 tatem
411 950 420 974 :
436 936 497 973 sed
519 936 679 972 amicitia
697 934 878 971 remissior
894 946 974 971 esse
989 934 1095 972 debet
1112 943 1148 972 et
1164 936 1307 973 liberior
1323 944 1359 974 et
1377 937 1458 974 dul-

285 994 360 1030 cior
377 999 412 1029 et
431 990 476 1027 ad
497 1001 644 1027 omnem
659 988 867 1024 comitatem
889 987 1170 1038 facilitatemque
1189 983 1396 1039 proclivior.

338 1045 442 1083 XIX.
473 1044 535 1081 67.
566 1042 720 1080 Exsistit
746 1048 868 1078 autem
898 1041 968 1079 boc
992 1043 1072 1079 loco
1109 1043 1278 1092 quaedam
1305 1046 1458 1092 quaestio

285 1099 528 1138 subdifficilis:
559 1109 645 1133 num
667 1095 812 1144 quando
828 1096 938 1133 amici
956 1097 1055 1142 novi,
1075 1096 1171 1145 digni
1189 1097 1363 1146 amic-itia,
1393 1111 1456 1136 ve-

283 1155 416 1191 teribus
443 1153 515 1189 sint
550 1148 804 1200 anteponendi,
834 1156 873 1186 ut
899 1151 1002 1198 equis
1021 1152 1149 1188 vetulis
1176 1158 1318 1191 teneros
1351 1159 1453 1189 ante-

283 1220 416 1258 ponere
436 1207 604 1243 soiemus.
662 1203 811 1251 Indigna
843 1202 990 1240 bomine
1009 1203 1195 1242 dubitatio.
1251 1204 1335 1242 Non
1355 1206 1454 1243 enim

284 1262 526 1299 amicitiarum
545 1258 677 1295 debent
703 1268 794 1301 esse,
809 1257 902 1293 sicut
930 1257 1080 1295 aliarum
1108 1270 1237 1303 rerum,
1258 1259 1451 1297 satietates.

283 1316 493 1354 Veterrimae
522 1323 691 1363 quaeque,
720 1318 759 1346 ut
775 1321 818 1346 ea
848 1312 945 1356 vina,
975 1323 1056 1358 quae
1086 1319 1298 1349 vetustatem
1327 1311 1456 1359 ferunt,

280 1382 359 1407 esse
387 1367 518 1405 debent
544 1366 793 1402 suavissimae:
823 1376 1022 1413 verumque
1040 1364 1128 1401 illud
1155 1372 1219 1410 est,
1239 1365 1335 1415 quod
1363 1365 1453 1404 dici-

282 1432 349 1469 tur,
366 1423 497 1460 multos
523 1421 661 1458 modios
688 1419 775 1456 salis
802 1418 910 1455 simul
936 1419 1090 1456 edendos
1117 1432 1200 1465 esse,
1220 1426 1258 1455 ut
1283 1420 1454 1458 amicitiae

283 1489 415 1514 munus
432 1475 619 1524 expletum
637 1474 692 1509 sit.
741 1471 802 1508 68.
833 1471 1022 1508 Novitates
1040 1479 1173 1518 autem,
1194 1473 1223 1509 si
1243 1485 1344 1522 spem
1363 1473 1451 1510 affe-

284 1538 378 1575 runt,
399 1537 450 1575 ut,
480 1537 655 1575 tanquam
684 1527 719 1563 in
751 1525 870 1562 herbis
889 1538 959 1562 non
990 1525 1190 1572 fallacibus,
1229 1526 1366 1572 fructus
1393 1539 1457 1578 ap·

279 1590 415 1634 pareat,
435 1595 505 1619 non
526 1581 690 1618 suntillae
712 1579 858 1629 quidem
874 1579 1104 1628 repudiandae
1121 1592 1130 1616 ε
1150 1587 1309 1618 vetustas
1327 1588 1447 1618 tamen

279 1651 345 1676 suo
363 1639 444 1674 loco
463 1633 710 1673 conservanda
723 1639 787 1670 est.
817 1632 987 1669 Maxima
1006 1640 1060 1670 est
1075 1635 1174 1671 enim
1188 1635 1242 1671 vis
1260 1636 1448 1672 vetustatis

277 1701 312 1730 et
331 1689 611 1728 consuetudinis.
668 1688 769 1732 Quin
796 1687 875 1735 ipso
903 1699 1008 1737 equo,
1031 1686 1138 1735 cujus
1167 1687 1274 1725 modo
1301 1691 1452 1727 mentio-

279 1759 363 1783 nem
383 1745 466 1789 feci,
482 1745 512 1780 si
530 1743 627 1779 nulla
647 1754 702 1778 res
718 1739 903 1791 impediat,
923 1753 1030 1778 nemo
1047 1749 1113 1786 est,
1134 1742 1196 1790 qui
1216 1754 1286 1778 non
1305 1754 1362 1788 en,
1378 1755 1452 1792 quo

279 1800 480 1843 consuevit,
499 1797 667 1834 libentius
686 1802 815 1839 utatur,
836 1806 944 1842 quam
964 1796 1152 1832 intractato
1169 1802 1206 1831 et
1232 1807 1327 1831 novo
1344 1807 1353 1832 ε
1381 1808 1449 1832 nec

280 1852 386 1891 modo
404 1854 440 1889 in
470 1851 552 1896 hoc,
572 1850 667 1900 quod
686 1856 740 1885 est
759 1849 908 1893 animal,
927 1848 990 1885 sed
1007 1850 1044 1885 in
1063 1849 1108 1885 iis
1125 1849 1247 1893 etiam,
1268 1860 1350 1897 quae
1369 1857 1454 1886 sunt

279 1908 492 1951 inanimata,
512 1903 734 1941 consuetudo
750 1903 863 1939 valet:
879 1915 992 1951 quum
1006 1903 1095 1939 locis
1113 1903 1202 1951 ipsis
1216 1901 1448 1949 delectemur,

281 1961 480 1997 montuosis
498 1959 607 1995 etiam
625 1965 661 1994 et
676 1958 908 2001 silvestribus,
928 1957 964 1993 in
985 1956 1116 2004 quibus
1136 1955 1270 1992 diutius
1289 1968 1451 1994 commo-

280 2015 346 2051 rati
365 2026 504 2050 sumus.
562 2012 624 2048 69.
657 2011 727 2047 Sed
748 2012 951 2048 maximum
970 2015 1024 2046 est
1049 2010 1085 2045 in
1111 2010 1283 2054 amicitia,
1312 2010 1452 2059 superi—

276 2080 373 2105 orem
391 2079 514 2116 parem
530 2078 607 2103 esse
625 2064 796 2102 inferiori.
854 2064 958 2112 Saepe
974 2064 1072 2100 enim
1091 2063 1324 2101 excellentiae
1343 2076 1445 2113 quae-

276 2122 360 2158 dam
377 2128 488 2157 sunt:
517 2120 634 2168 qualis
660 2126 737 2155 erat
765 2117 946 2166 Scipionis
965 2119 1001 2154 in
1024 2125 1155 2161 nostro,
1175 2123 1215 2152 ut
1231 2117 1281 2153 ita
1309 2116 1444 2163 dicam,

275 2187 390 2223 grege.
446 2173 646 2222 Nunquam
673 2172 787 2208 seille
815 2171 929 2215 Philo,
959 2182 1145 2219 nunquam
1169 2170 1322 2218 Rupilio,
1352 2183 1444 2208 nuu-

275 2241 385 2277 quam
416 2227 599 2264 Mummio
640 2226 853 2274 anteposuit,
885 2236 1072 2273 nunquam
1098 2224 1274 2260 inferioris
1311 2224 1444 2262 ordinis

272 2283 412 2318 amicis.
470 2280 649 2326 Quintum
688 2291 773 2315 vero
810 2279 1024 2315 Maximum
1068 2277 1223 2322 fratrem,
1261 2279 1442 2326 egregium

272 2337 400 2380 virum,
431 2335 576 2371 omnino
595 2334 664 2369 sibi
691 2344 922 2380 nequaquam
952 2344 1089 2382 parem,
1108 2331 1206 2380 quod
1224 2331 1255 2368 is
1281 2331 1440 2368 anteibat

270 2395 387 2436 aetate,
416 2396 591 2438 tanquam
610 2387 828 2435 superiorem
858 2387 1012 2433 colebat,
1040 2396 1198 2435 suosque
1227 2397 1352 2423 omnes
1379 2396 1446 2434 per
