1496 2671
534 182 582 222 T.
612 184 657 221 P.
690 183 950 223 ATTICUS.
1289 187 1338 222 55

146 300 246 337 -atieo
264 294 468 342 conjuncte
489 296 601 339 vixit,
624 300 665 330 ut
686 294 733 331 ad
753 300 966 332 extremam
987 300 1150 333 aetatem
1170 294 1340 331 amicitia

148 363 282 389 eorum
329 349 506 386 creverit.
584 348 780 385 Antonius
818 355 960 392 autem,
999 350 1070 386 etsi
1109 355 1217 385 tanto
1255 348 1341 383 odiu

150 404 368 443 terrebatur
398 403 438 438 in
459 401 698 446 Ciceronem,
723 409 764 438 ut
794 414 871 438 non
905 403 1027 439 solum
1061 403 1107 448 ei,
1130 402 1195 439 sed
1227 401 1340 438 etiam

150 458 330 495 omnibus
350 455 433 504 ejus
452 457 597 501 amicis,
618 462 718 493 esset
737 455 930 501 inimicus,
951 469 1089 503 eosque
1111 456 1227 492 vellet
1256 468 1343 504 pro·

148 512 321 549 scribere
339 525 349 553 3
378 510 509 547 multis
529 510 774 547 hortantibus
794 516 934 553 tamen,
957 511 1083 547 Attici
1106 522 1250 546 memor
1270 509 1344 545 fuit

149 565 280 608 officii,
302 571 339 600 et
360 565 405 608 ei,
426 577 545 612 quum
566 562 791 612 requisisset
820 563 977 600 ubinam
1006 570 1116 604 esset,
1138 566 1208 600 sua
1228 575 1342 598 manu

150 619 319 667 scripsit,
342 630 388 654 ne
410 619 563 661 timeret,
584 619 784 666 statimque
810 617 866 653 ad
889 630 927 653 se
955 618 1099 653 veniret
1110 634 1124 659 ς
1152 629 1190 651 se
1209 628 1292 652 eum
1312 623 1345 651 ec

158 671 326 709 Gelliam
367 671 529 708 Canium
561 671 608 707 de
632 672 940 720 proscriptorum
973 684 1131 708 numero
1160 671 1345 706 exemisse.

153 727 231 769 Ac,
247 738 295 762 ne
314 726 416 773 quod
435 725 475 761 in
497 725 710 774 periculum
731 725 928 770 incideret,
950 725 1051 772 quod
1079 730 1194 761 noctu
1217 724 1344 763 fiebat,

153 779 390 829 praesidium
421 780 455 816 ei
488 779 606 815 misit„
628 796 654 816 ε
668 778 733 816 Sic
754 778 914 816 Atticus
943 779 983 815 in
1017 791 1165 815 summo
1196 778 1346 819 timore,

155 846 232 870 non
253 833 375 870 solum
396 833 480 877 sibi,
496 833 561 869 sed
581 833 697 870 etiam
717 833 763 877 ei,
786 845 898 881 quem
915 833 1153 870 carissimum
1169 831 1345 874 habebat,

154 887 347 935 praesidio
377 886 465 923 fuit.
522 886 664 934 Neque
694 888 797 924 enim
830 899 921 923 suae
951 887 1074 923 solum
1104 899 1126 922 a
1155 897 1347 932 quoquam

154 940 346 977 auxilium
375 941 488 990 petiit
517 940 662 985 salutis,
684 941 750 978 sed
780 939 1042 988 conjunctim3
1073 946 1114 975 ut
1134 945 1349 988 appareret,

156 994 303 1031 nullam
329 994 542 1042 sejunctam
562 995 635 1031 sibi
657 995 704 1031 ab
724 1007 768 1031 eo
788 995 888 1032 velle
915 994 1125 1030 fortunam.
1183 991 1297 1039 Quod
1318 993 1349 1027 si

156 1048 393 1096 gubernator
412 1048 621 1097 praecipua
635 1048 747 1085 laude
762 1047 898 1092 fertur,
913 1047 977 1095 qui
991 1058 1132 1084 navem
1153 1059 1203 1083 ex
1223 1046 1350 1082 hieme

156 1101 330 1148 marique
347 1102 547 1149 scopuloso
568 1108 707 1145 servat,
731 1114 800 1138 eur
820 1114 896 1138 non
916 1101 1124 1149 singularis
1145 1099 1227 1148 ejus
1247 1099 1349 1135 exis-

158 1155 317 1191 timetur
337 1155 554 1203 prudentia‚
568 1155 634 1203 qui
655 1168 706 1192 ex
725 1160 784 1192 tot
802 1161 956 1204 tamque
972 1155 1158 1203 gravibus
1174 1153 1351 1202 procellis

154 1207 338 1246 civilibus
358 1209 407 1245 ad
425 1208 729 1246 incolumitatem
749 1209 926 1256 pervenit
944 1209 960 1245 ’ἐ

157 1347 261 1386 CAP.
279 1348 355 1385 XI.
385 1347 543 1385 Atticus
552 1348 785 1398 proscriptis
786 1347 923 1397 fidelis
938 1354 974 1385 et
986 1349 1140 1397 utrique
1146 1348 1353 1396 fortunae„

217 1423 377 1470 QUIBUS
396 1436 445 1461 ex
465 1424 576 1462 malis
595 1431 638 1461 ut
658 1437 699 1462 se
717 1425 884 1470 emersit,
902 1424 1001 1461 nihil
1016 1424 1121 1462 aliud
1141 1424 1220 1474 egit
1240 1436 1354 1472 quam

162 1484 206 1515 ut
224 1478 413 1527 plurimis,
434 1479 574 1525 quibus
592 1479 708 1516 rebus
727 1484 866 1527 posset,
887 1484 988 1516 esset
1007 1478 1166 1516 auxilio.
1224 1477 1356 1524 Quum

161 1533 407 1581 proscriptos,
429 1531 610 1581 praemiis
629 1532 917 1582 imperatorum,
935 1532 1076 1580 vulgus
1096 1532 1356 1581 conquireret,

161 1598 275 1623 nemo
293 1586 335 1622 in
354 1585 520 1634 Epirum
540 1585 660 1631 venit,
682 1586 745 1624 cui
764 1599 826 1624 res
854 1586 933 1623 ulla
960 1585 1139 1623 defuerit.
1196 1585 1357 1623 Nemini

162 1652 240 1676 non
276 1639 333 1677 ibi
370 1645 557 1688 perpetuo
595 1640 776 1677 manendi
808 1645 977 1688 potestas
1011 1639 1113 1677 facta
1146 1645 1226 1677 est:
1258 1640 1358 1687 ‚quin

160 1693 291 1738 etiam,
330 1697 417 1741 post
464 1692 652 1741 proelium
689 1693 953 1742 Philippense,
991 1693 1270 1741 interitumque
1309 1692 1356 1730 C.

164 1746 290 1784 Cassii
309 1753 348 1783 et
367 1746 425 1784 M.
441 1746 570 1791 Bruti,
591 1746 638 1784 L.
660 1747 691 1784 J
694 1747 815 1784 ulium
835 1747 1033 1784 Mocillam
1052 1748 1300 1797 praetorium,
1317 1752 1356 1784 et

162 1800 288 1837 filium
306 1799 401 1848 ejus,
417 1800 642 1848 Aulumque
663 1801 916 1848 Torquatum,
932 1807 1154 1849 ceterosque
1174 1801 1258 1849 pari
1279 1800 1359 1837 for-

163 1851 259 1891 tuna⁴
288 1854 496 1903 perculsos,
527 1854 699 1891 instituit
737 1854 863 1898 tueri;
906 1861 1021 1902 atque
1057 1867 1108 1891 ex
1141 1854 1263 1903 Epiro
1296 1854 1358 1890 his

165 1908 294 1945 omnia
316 1907 620 1945 Samothraciam
640 1908 860 1957 supportari
877 1906 1010 1956 jussit„
1066 1907 1235 1945 Difficile
1255 1907 1359 1945 enim

162 1967 225 1998 vest
262 1962 390 1998 omnia
425 1961 614 2010 persequi,
649 1968 688 1999 et
716 1974 793 1999 non
822 1961 1047 1999 necessaria.
1105 1961 1209 1998 Illud
1238 1973 1361 1998 unum

167 2015 334 2064 intelligi
360 2015 551 2059 volumus,
572 2015 676 2052 illius
704 2015 988 2060 liberalitatem,
1019 2027 1143 2064 neque
1168 2021 1362 2063 tempora—

168 2068 276 2112 riam,
297 2080 420 2116 neque
438 2069 614 2106 callidam
634 2069 766 2106 fuisse.
822 2069 870 2106 Id
885 2080 936 2106 ex
950 2069 1045 2117 ipsis
1064 2070 1180 2106 rebus
1200 2081 1244 2106 ac
1263 2074 1361 2106 tem-

167 2121 326 2171 poribus
349 2122 518 2169 judicari
547 2128 682 2171 potest,
705 2124 805 2171 quod
825 2135 902 2159 non
921 2122 1149 2160 florentibus
1170 2135 1208 2159 se
1228 2122 1363 2160 vendis·

170 2175 279 2219 tavit,
303 2176 369 2212 secl
388 2176 538 2212 afflictis
558 2189 709 2225 semper
729 2176 930 2213 succurrit.
990 2176 1068 2223 Qui
1096 2177 1250 2225 quidem
1273 2175 1363 2213 Ser·

171 2229 316 2272 viliam,
348 2228 463 2265 Bruti
490 2236 662 2275 matrem,
692 2242 769 2267 non
799 2230 925 2266 minus
953 2237 1040 2278 post
1068 2237 1230 2267 mortem
1266 2227 1362 2276 ejus,

166 2294 286 2329 quam
305 2282 516 2325 florentem,
537 2283 712 2320 coluerit.
773 2283 837 2321 Sic
856 2283 1087 2321 liberalitate
1100 2290 1223 2328 utens,
1240 2283 1364 2319 nullas

171 2335 397 2372 inimicitias
433 2336 563 2384 gessit,
599 2338 702 2384 quod
742 2349 864 2385 neque
901 2338 1077 2375 laedebat
1123 2349 1364 2385 quemquam,

172 2401 307 2436 neque,
330 2389 361 2425 si
382 2400 495 2436 quam
513 2389 693 2438 injuriam
712 2397 921 2439 acceperat,
942 2404 1019 2427 non
1040 2391 1229 2434 oblivisci,
1252 2402 1366 2437 quam

171 2443 307 2480 ‚ulcisci
345 2443 523 2479 malebat.
581 2443 689 2480 Idem
726 2444 934 2482 immortali
971 2442 1155 2483 memoria
1183 2450 1366 2493 percepta
