1496 2671
266 134 315 171 28
554 131 758 170 LAELIUS
786 131 862 170 DE
888 131 1151 172 AMICITIA.

264 241 404 278 firmari
431 245 582 290 potest:
611 253 724 290 quum
751 240 920 279 homines
945 241 1207 280 benevolentia
1233 242 1436 292 conjuncti,

265 295 425 344 primum
445 295 709 343 cupiditatibus
727 295 782 340 iis,
802 295 932 343 quibus
947 295 1060 333 ceteri
1079 296 1256 343 serviunt,
1276 296 1434 347 impera-

265 351 370 394 bunt,
392 349 528 386 deinde
547 350 723 398 aequitate
736 348 957 398 justitiaque
975 349 1206 398 gaudebunt,
1236 351 1437 400 omniaque

267 403 361 440 alter
379 415 447 452 pro
465 403 583 440 altero
610 403 793 453 suscipiet,
814 415 934 451 neque
953 403 1152 452 quidquam
1172 416 1335 453 unquam
1364 405 1435 442 nisi

264 457 460 494 honestum
491 462 528 494 et
555 463 697 494 rectum
718 457 812 495 alter
839 458 886 494 ab
913 456 1030 494 altero
1057 458 1287 506 postulabit:
1316 470 1441 508 neque

264 510 381 547 solum
399 508 475 560 [se]
494 511 618 549 colent
630 511 724 549 inter
743 525 782 549 se
801 524 842 548 ac
857 510 1026 559 diligent,
1043 511 1106 548 sed
1126 512 1238 550 etiam
1255 513 1438 550 verebun-

265 570 339 602 tur.
391 564 490 602 Nam
518 565 719 602 maximum
749 573 1008 602 ornamentum
1035 564 1207 603 amicitiae
1233 566 1344 613 tollit,
1374 566 1436 614 qui

268 631 313 655 ex
333 631 376 655 ea
393 619 496 656 tollit
514 620 790 657 verecundiam.
847 619 908 656 83.
940 617 1070 667 Itaque
1087 618 1127 655 in
1146 618 1190 656 iis
1209 619 1437 669 perniciosus

271 678 325 710 est
339 685 452 718 error,
473 673 535 721 qui
555 673 781 719 existimant,
802 672 1001 709 libidinum
1019 677 1332 722 peccatorumque
1358 685 1438 711 om—

262 727 365 763 nium
386 732 513 776 patere
539 727 580 763 in
599 727 761 764 amicitia
786 726 990 764 licentiam.
1047 726 1244 765 Virtutum
1275 726 1436 766 amicitia

270 780 434 830 adjutrix
461 794 483 817 a
509 786 644 818 natura
672 781 760 818 data
788 786 855 826 est,
885 792 961 817 non
988 780 1165 818 vitiorum
1201 793 1354 818 comes:
1382 787 1436 825 ut,

271 835 444 882 quoniam
459 834 625 871 solitaria
650 847 726 871 non
754 839 878 883 posset
897 834 1015 871 virtus
1033 834 1082 871 ad
1101 846 1157 879 ea,
1185 846 1267 882 quae
1294 847 1439 872 summa

272 893 370 932 sunt,
391 888 596 936 pervenire,
619 888 820 936 conjuncta
838 893 876 925 et
895 888 1107 925 consociata
1123 900 1205 925 cum
1227 888 1344 926 altera
1361 901 1445 938 per-

268 941 412 978 veniret
428 955 435 978 :
466 953 548 991 quae
569 942 706 990 siquos
725 942 822 979 inter
841 941 996 978 societas
1014 946 1079 979 aut
1096 946 1163 987 est,
1185 946 1250 980 aut
1268 941 1351 987 fuit,
1372 948 1437 980 aut

267 995 394 1032 futura
426 1002 492 1040 est,
523 1008 649 1032 eorum
680 1001 736 1033 cst
768 995 961 1032 habendus
993 995 1041 1032 ad
1073 1007 1257 1033 summum
1295 1000 1441 1034 naturae

267 1051 403 1086 bonum
423 1049 584 1099 optimus
598 1049 905 1098 beatissimusque
924 1050 1138 1087 comitatus·
1167 1049 1229 1087 84.
1257 1049 1440 1094 Haecest,

266 1103 429 1152 inquam,
469 1104 636 1147 societas,
673 1104 711 1140 in
745 1116 818 1152 qua
846 1103 971 1140 omnia
1007 1103 1147 1149 insunt,
1187 1115 1268 1152 quae
1304 1108 1440 1153 putant

267 1157 673 1206 hominesexpctenda,
695 1158 882 1202 honestas,
902 1156 1439 1207 gloria,tranquillitas-animi.

267 1216 376 1258 atque
389 1211 627 1260 jucunditas:
651 1216 702 1257 ut,
723 1223 832 1259 quum
853 1211 932 1248 haec
946 1210 1081 1256 adsint,
1101 1211 1210 1248 beata
1229 1211 1306 1249 vita
1325 1211 1384 1257 sit,
1400 1219 1438 1248 ct

266 1266 344 1301 sine
363 1265 420 1302 his
439 1278 517 1302 esse
537 1278 611 1302 non
641 1266 769 1314 possit.
829 1265 942 1310 Quod
970 1276 1083 1312 quum
1111 1265 1292 1313 optimnim
1323 1259 1440 1302 maiti-

270 1331 443 1366 mumque
462 1320 521 1364 sit,
543 1320 572 1355 si
592 1320 631 1355 id
646 1320 813 1355 volumus
839 1319 1004 1367 adipisci,
1025 1318 1156 1355 virtuti
1183 1330 1297 1368 opera
1314 1318 1441 1355 danda

269 1380 347 1410 cst:
379 1385 458 1410 s1ne
471 1385 542 1422 qua
562 1385 681 1421 neque
709 1373 921 1417 amicitiam,
951 1384 1071 1420 neque
1089 1371 1202 1409 ullam
1222 1383 1300 1408 rem
1329 1384 1441 1422 cxpe-

267 1427 416 1462 tendam
447 1427 619 1474 consequi
649 1438 851 1475 possumus.
910 1426 966 1462 Ea
994 1439 1082 1463 vero
1108 1426 1291 1475 neglecta,
1312 1425 1375 1474 qui
1402 1438 1444 1462 se

267 1480 403 1517 amicos
423 1480 558 1517 habele
571 1481 811 1525 albiti-antur,
833 1487 911 1517 tum
930 1493 968 1517 se
988 1480 1148 1529 denique
1166 1492 1307 1517 errasse
1325 1479 1440 1517 senti-

267 1538 346 1577 unt,
368 1546 479 1582 quum
501 1546 563 1570 eos
591 1535 714 1581 gravis
733 1534 864 1582 aliquis
892 1546 996 1570 casus
1024 1534 1180 1583 experiri
1204 1533 1318 1583 cogit.
1375 1533 1440 1571 85.

269 1588 464 1634 Quocirca,
483 1586 697 1637 (dicendum
713 1593 768 1625 est
783 1588 880 1624 enim
895 1586 1058 1638 saepius,)
1077 1601 1188 1637 quum
1202 1587 1441 1636 judicaveris,

267 1642 421 1690 diligere
450 1648 621 1690 oportet:
652 1655 739 1686 non,
769 1653 881 1689 quum
920 1641 1105 1687 dilexeris,
1129 1642 1310 1692 judicare.
1367 1640 1441 1678 Sed

270 1707 378 1744 quum
401 1696 527 1732 multis
539 1696 576 1732 in
593 1696 702 1732 rebus
714 1695 945 1744 negligentia
962 1696 1172 1744 plectimur,
1190 1701 1271 1733 tum
1283 1695 1442 1732 maxime

270 1750 307 1785 in
326 1750 450 1786 amicis
479 1756 516 1787 et
536 1750 743 1798 deligendis
771 1754 809 1787 et
837 1750 1016 1786 colendis.
1073 1748 1314 1799 Praeposteris
1342 1748 1440 1785 enim

269 1803 407 1840 utimur
440 1803 613 1848 consiliis,
643 1809 679 1842 et
708 1810 791 1841 aeta
818 1803 972 1852 agimus,
1002 1803 1102 1852 quod
1131 1809 1299 1841 vetamur
1325 1803 1442 1840 veteri

270 1858 475 1905 proverbio.
508 1858 604 1894 Nam
617 1857 795 1907 implicati
807 1857 907 1895 ultro
922 1864 959 1895 et
971 1857 1075 1894 citro.
1091 1857 1151 1893 vel
1162 1868 1229 1893 usu
1248 1856 1439 1901 diuturno,

268 1911 327 1947 vel
343 1912 453 1949 etiam
473 1911 612 1956 officiis,
642 1917 793 1960 repente
821 1911 858 1947 in
879 1904 1001 1948 medio
1019 1922 1126 1948 cursu
1155 1910 1346 1955 amicitias,
1375 1922 1439 1946 ex-

270 1970 377 2002 orta
369 1966 492 2014 aliqua
506 1965 717 2010 offensione,
740 1965 1017 2014 disrumpimus.

321 2019 470 2055 XXIII.
501 2018 565 2055 86.
595 2019 680 2063 Quo
709 2007 819 2056 etiam
860 2018 975 2067 magis
1003 2017 1248 2066 vituperanda
1284 2021 1341 2055 est
1375 2017 1430 2054 rei

270 2073 427 2109 maxime
447 2073 660 2109 necessariae
682 2078 788 2110 tanta
802 2072 953 2109 incuria.
986 2071 1072 2108 Una
1091 2077 1146 2109 est
1161 2071 1258 2107 enim
1279 2070 1440 2108 amicitia

269 2126 306 2161 in
326 2128 432 2164 rebus
451 2127 632 2171 humanis,
655 2127 702 2163 de
721 2126 826 2174 cujus
845 2126 1008 2163 utilitate
1027 2137 1154 2162 omnes
1173 2137 1248 2162 uno
1267 2137 1331 2162 ore
1349 2136 1438 2162 con-

268 2181 447 2217 sentiunt.
506 2180 728 2228 Quanquam
747 2193 768 2216 a
789 2179 914 2216 multis
932 2179 1011 2228 ipsa
1026 2179 1144 2216 virtus
1171 2178 1436 2224 contemnitur,

267 2240 304 2271 ct
335 2234 541 2270 venditatio
579 2234 748 2282 quaedam
785 2238 898 2281 atque
929 2232 1129 2270 ostentatio
1171 2245 1249 2270 esse
1287 2231 1435 2270 dicitur.

273 2287 385 2324 Multi
416 2287 564 2323 divitias
593 2287 813 2335 despiciunt,
846 2298 936 2334 quos
963 2299 1078 2336 parvo
1097 2290 1293 2324 contentos
1321 2284 1440 2323 tenuis

267 2341 388 2378 victus
407 2341 599 2389 cultusque
619 2341 801 2377 delectat:
823 2339 982 2377 honores
1001 2352 1099 2386 vero,
1119 2351 1277 2388 quorum
1295 2338 1437 2388 cupidi-

268 2400 346 2433 tate
364 2394 513 2444 quidam
535 2394 825 2439 inflammantur,
855 2406 962 2442 quam
983 2393 1091 2432 multi
1109 2393 1164 2431 ita
1181 2395 1438 2437 contemnunt.
