1496 2671
381 122 581 162 LAELIUS
610 122 684 160 DE
712 121 969 160 AMICITIA.
1234 120 1256 160 9

101 232 231 271 ‹oaelum
242 237 368 283 patere
378 244 394 277 5
410 231 611 280 optimoque
628 234 663 267 et
678 230 880 280 justissimo
898 230 1022 279 cuique
1035 228 1257 279 expeditissi-

103 299 213 324 mum.
268 284 331 322 14.
360 283 473 328 Quod
490 284 579 321 item
599 283 760 332 Scipioni
779 283 996 320 videbatur:
1014 282 1078 332 qni
1095 282 1256 332 quidem,

103 339 208 388 quasi
233 337 456 387 praesagiret‚
476 337 668 386 perpaucis
695 342 782 374 ante
800 342 955 373 mortem
983 337 1125 382 diebus,
1144 348 1258 385 quum

101 398 140 430 et
158 391 283 428 Philus
297 395 334 428 et
347 390 522 428 Manilius
535 390 716 434 adessent,
731 395 768 427 ct
782 390 844 426 alii
856 390 989 438 plures,
1004 395 1120 438 tuque
1133 389 1257 435 etiam,

102 444 274 489 Seaevola,
288 456 430 480 mecum
442 443 611 489 venisses,
627 443 789 481 triduum
801 443 974 481 disseruit
988 443 1035 480 dc
1049 443 1236 492 republica
1249 455 1258 487 ;

99 497 204 546 eujus
223 497 484 546 disputationis
501 497 572 534 fuit
590 502 795 534 extremum
823 496 900 533 fere
919 496 965 533 de
983 496 1259 534 immortalitate

100 551 332 588 animorum:
362 563 443 599 quae
470 563 508 588 sc
543 551 583 587 in
618 551 741 600 quiete
773 561 838 598 per
864 550 982 586 visum
1009 563 1054 586 ex
1080 550 1257 587 Africano

99 604 244 642 audisse
259 604 417 641 dicebat.
446 604 491 641 Id
509 603 539 641 si
555 604 608 642 ita
627 609 693 648 est,
714 608 756 641 ut
774 603 904 652 optimi
924 603 1100 652 cujusque
1116 603 1258 640 animus

99 657 139 694 in
157 662 276 695 morte
287 657 457 694 facillime
471 657 602 703 evolet,
622 663 797 706 tanquam
812 669 832 693 e
847 657 1013 694 custodia
1032 656 1259 705 vinculisque

99 711 262 760 corporis
277 723 286 755 3
306 711 365 748 cui
384 723 572 748 censemus
586 723 733 748 cursum
747 711 794 747 ad
810 710 911 747 Deos
925 709 1123 747 faciliorem
1138 710 1259 755 fuisse,

97 777 208 813 quam
235 764 435 813 Scipioni?
491 764 688 811 Quocirca,
717 776 870 800 moerere
906 763 976 800 hoc
1003 763 1081 812 ejus
1109 769 1257 808 eventu,

99 829 238 864 vereor,
254 831 301 855 ne
314 817 431 854 invidi
448 818 576 866 magis,
592 831 702 867 quam
721 817 828 854 amici
846 817 904 854 sit.
960 817 1027 854 Sin
1054 820 1178 854 autem
1196 816 1260 853 illa

99 871 253 915 veriora,
273 879 316 909 ut
328 871 426 908 idem
440 871 612 909 interitus
624 871 672 909 sit
688 871 891 908 animorum
911 875 949 909 et
968 883 1174 920 corporum,
1191 882 1259 906 nec

99 924 195 961 ullus
214 938 341 962 sensus
360 930 507 963 maneat
523 938 530 962 :
548 930 591 963 ut
606 925 698 961 nihil
717 924 805 961 boni
824 929 878 961 est
897 925 936 961 in
950 932 1078 970 morte,
1095 925 1147 961 sic
1161 929 1260 961 certe

100 977 190 1014 nibil
216 979 314 1016 mali.
371 978 489 1016 Sensu
515 979 612 1015 enim
641 979 772 1015 amisso
808 978 851 1015 fit
877 978 988 1023 idem,
1019 977 1123 1027 quasi
1150 982 1259 1014 natus

99 1043 176 1068 non
201 1038 296 1069 esset
328 1032 477 1069 omnino
498 1045 506 1069 ε
545 1045 654 1081 quem
683 1037 807 1069 tamen
839 1043 917 1068 esse
952 1036 1081 1069 natum
1117 1037 1155 1068 et
1192 1043 1260 1067 nos

96 1085 312 1133 gaudemus,
343 1090 380 1123 et
408 1085 487 1122 haec
514 1085 653 1130 civitas,
692 1086 781 1122 dum
809 1085 889 1129 erit,
919 1085 1120 1122 laetabitur.
1195 1084 1256 1121 15.

100 1137 349 1182 Quamobrem
382 1152 465 1176 cum
500 1139 564 1175 illo
600 1139 761 1188 quidem,
800 1144 842 1176 ut
870 1151 980 1188 supra
1016 1139 1105 1184 dixi,
1135 1143 1259 1176 actum

44 1193 46 1197 “
95 1191 234 1240 optime
252 1197 308 1229 est
327 1205 336 1235 ;
359 1204 502 1229 meeum
519 1192 787 1229 incommodius
810 1205 817 1229 ε
840 1204 950 1240 quem
964 1192 1086 1229 fuerat
1104 1191 1256 1241 aequius,

95 1249 140 1282 ut
156 1245 258 1293 prius
271 1245 500 1290 introieram,
520 1245 572 1282 sic
590 1246 691 1294 prius
711 1238 811 1282 exire
830 1246 877 1282 de
895 1245 982 1283 vita.
1041 1245 1115 1283 Sed
1134 1250 1258 1283 tamen

97 1298 351 1335 recordatione
377 1304 512 1336 nostrae
530 1299 699 1336 amicitia)
717 1299 768 1335 sic
795 1298 908 1343 fruor,
931 1304 973 1337 ut
1000 1299 1107 1336 beate
1126 1299 1259 1336 vixisse

98 1351 233 1397 videar,
255 1351 341 1400 quia
368 1365 452 1388 cum
480 1352 650 1401 Scipione
678 1352 855 1389 vixerim:
886 1365 1044 1401 quocum
1064 1352 1153 1389 mihi
1171 1365 1259 1390 con*

89 1404 222 1451 juncta
249 1417 337 1442 cura
355 1405 402 1441 de
419 1418 460 1442 re
477 1406 624 1453 publica
651 1410 689 1443 et
715 1406 762 1442 de
777 1406 919 1454 privata
937 1406 1021 1450 fuit,
1041 1418 1199 1454 quocum
1219 1411 1257 1443 et

94 1457 224 1494 domus
243 1462 281 1495 et
299 1457 430 1495 militia
449 1458 652 1495 communis
668 1471 676 1496 ε
707 1463 745 1496 et
764 1459 814 1503 id,
830 1459 870 1495 in
889 1471 962 1507 quo
982 1464 1038 1497 cst
1058 1459 1177 1495 omnis
1199 1459 1256 1496 vis

94 1510 276 1556 amicitiae,
307 1511 552 1556 voluntatum,
581 1511 799 1556 studiorum,
829 1513 1095 1549 sententiarum
1114 1525 1256 1549 summa

94 1564 298 1601 consensio.
358 1565 487 1614 Itaque
513 1577 589 1602 non
616 1570 693 1602 tam
720 1561 791 1602 ista
818 1577 877 1601 me
904 1566 1105 1614 sapientiae,
1144 1579 1254 1615 quam

96 1617 205 1654 modo
233 1617 396 1655 Fannius
424 1618 732 1664 commemoravit,
753 1619 849 1655 fama
867 1618 1038 1664 delectat,
1054 1619 1145 1656 falsa
1163 1632 1254 1668 prae-

96 1672 232 1716 sertim,
262 1684 372 1720 quam
399 1671 499 1720 quod
526 1672 696 1709 amicitiae
727 1677 863 1709 nostrae
899 1673 1112 1709 memoriam
1149 1686 1255 1722 spero

95 1725 460 1777 sempsternamfore.
509 1725 634 1774 »quue
651 1726 741 1762 mihi
754 1739 797 1762 co
812 1726 928 1774 magis
947 1731 1002 1764 est
1021 1726 1135 1772 cordi,
1155 1727 1255 1775 quod

94 1790 141 1814 ex
168 1778 337 1815 omnibus
365 1779 506 1816 saeculis
533 1779 594 1815 vix
623 1779 695 1817 tria
727 1784 791 1817 aut
820 1785 979 1828 quatuor
1015 1780 1255 1818 nominantur

95 1831 196 1880 paria
214 1831 413 1868 amicorum
429 1846 437 1869 ε
459 1845 533 1882 quo
550 1832 590 1869 in
601 1845 737 1881 genere
749 1845 895 1882 sperare
914 1833 1052 1877 videor,
1075 1833 1255 1881 Scipionis

93 1888 131 1922 et
158 1883 262 1922 Laelii
290 1885 488 1923 amicitiam
507 1891 634 1923 notam
662 1887 871 1935 posteritati
886 1886 977 1924 fore.
1035 1885 1096 1924 16.
1127 1886 1252 1925 FANN.

97 1937 203 1974 Istud
221 1938 380 1986 quidem,
398 1939 500 1985 Laeli,
520 1939 573 1977 ita
587 1952 735 1977 necesse
753 1945 822 1977 est.
877 1940 962 1985 Sed,
975 1941 1150 1989 quoniam
1165 1941 1254 1977 ami-

96 1990 191 2027 citiae
231 1992 456 2029 mentionem
496 1992 625 2039 fecisti,
651 2000 689 2031 et
716 2006 840 2030 sumus
877 1993 996 2039 otiosi,
1042 1999 1256 2042 pergratum

96 2043 185 2080 mihi
209 2043 349 2090 seceris,
379 2043 501 2096 (spero
527 2046 616 2084 item
645 2045 832 2097 Scaevolae)
863 2047 904 2091 si,
942 2047 1254 2095 quemadmodum

96 2097 200 2141 soles,
221 2097 268 2134 de
287 2099 417 2135 ceteris
444 2101 564 2144 rebus,
595 2113 709 2149 quum
728 2113 774 2137 ex
802 2105 839 2137 te
867 2105 1098 2149 quaeruntur‚
1127 2101 1179 2138 sic
1207 2102 1254 2138 de

93 2150 254 2188 amicitia
272 2150 487 2200 disputaris,
509 2153 598 2202 quid
616 2154 764 2199 sentias,
786 2153 931 2202 qualem
951 2154 1148 2200 existimes,
1170 2167 1252 2203 quae

96 2209 279 2253 praecepta
297 2204 373 2242 des.
403 2205 527 2243 SGAEV.
562 2207 657 2244 Mihi
672 2219 759 2244 vero
778 2212 992 2256 pergratum
1013 2207 1084 2245 erit
1104 2221 1112 2245 ε
1129 2213 1252 2257 atque,

92 2256 131 2293 id
149 2256 269 2305 ipsum
288 2270 402 2306 quum
420 2263 541 2296 tecum
555 2272 664 2308 agere
682 2273 845 2306 conarer,
862 2260 1025 2298 Fannius
1040 2262 1250 2299 antevertit.

93 2310 344 2355 Quamobrem
362 2311 509 2362 utrique
528 2318 695 2351 nostrum
713 2319 862 2362 gratum
881 2314 1082 2352 admodum
1110 2314 1250 2352 feceris.

148 2362 192 2401 V.
226 2362 284 2403 17.
315 2363 421 2403 LAEL.
478 2365 562 2414 Ego
590 2379 676 2404 vero
702 2380 777 2405 non
795 2380 981 2417 gravarer,
1003 2369 1034 2406 si
1060 2368 1149 2404 mihi
1177 2368 1253 2416 ipse
