<?xml version="1.0" encoding="UTF-8"?>
<!DOCTYPE html PUBLIC "-//W3C//DTD XHTML 1.0 Transitional//EN"
    "http://www.w3.org/TR/xhtml1/DTD/xhtml1-transitional.dtd">
<html xmlns="http://www.w3.org/1999/xhtml" xml:lang="en" lang="en">
 <head>
  <title>
</title>
<meta http-equiv="Content-Type" content="text/html;charset=utf-8" />
  <meta name='ocr-system' content='tesseract 3.04.00' />
  <meta name='ocr-capabilities' content='ocr_page ocr_carea ocr_par ocr_line ocrx_word'/>
</head>
<body>
  <div class='ocr_page' id='page_1' title='image "./curriculumlatinu01mont_0285.png"; bbox 0 0 1496 2671; ppageno 0'>
   <div class='ocr_carea' id='block_1_1' title="bbox 372 98 1260 142">
    <p class='ocr_par' dir='ltr' id='par_1_1' title="bbox 372 98 1260 142">
     <span class='ocr_line' id='line_1_1' title="bbox 372 98 1260 142; baseline -0.005 0"><span class='ocrx_word' id='word_1_1' title='bbox 372 102 576 142; x_wconf 84' lang='lat' dir='ltr'>LAELIUS</span> <span class='ocrx_word' id='word_1_2' title='bbox 605 101 680 140; x_wconf 91' lang='lat' dir='ltr'><strong>DE</strong></span> <span class='ocrx_word' id='word_1_3' title='bbox 707 101 972 140; x_wconf 80' lang='lat' dir='ltr'><strong>AMICITIA.</strong></span> <span class='ocrx_word' id='word_1_4' title='bbox 1214 98 1260 138; x_wconf 80' lang='lat'><strong>19</strong></span> 
     </span>
    </p>
   </div>
   <div class='ocr_carea' id='block_1_2' title="bbox 89 205 1265 2404">
    <p class='ocr_par' dir='ltr' id='par_1_2' title="bbox 92 205 1265 1220">
     <span class='ocr_line' id='line_1_2' title="bbox 96 205 1262 260; baseline 0 -15"><span class='ocrx_word' id='word_1_5' title='bbox 96 209 330 260; x_wconf 73' lang='lat' dir='ltr'><strong>temperantia</strong></span> <span class='ocrx_word' id='word_1_6' title='bbox 346 210 540 256; x_wconf 87' lang='lat' dir='ltr'><strong>libidinem,</strong></span> <span class='ocrx_word' id='word_1_7' title='bbox 560 210 739 258; x_wconf 87' lang='lat' dir='ltr'><strong>ignaviam</strong></span> <span class='ocrx_word' id='word_1_8' title='bbox 760 209 936 247; x_wconf 83' lang='lat' dir='ltr'><strong>fortitudo.</strong></span> <span class='ocrx_word' id='word_1_9' title='bbox 992 205 1118 256; x_wconf 80' lang='lat' dir='ltr'><strong>Itaque</strong></span> <span class='ocrx_word' id='word_1_10' title='bbox 1137 206 1262 245; x_wconf 81' lang='lat' dir='ltr'><strong>videas</strong></span> 
     </span>
     <span class='ocr_line' id='line_1_3' title="bbox 95 259 1260 312; baseline -0.002 -13"><span class='ocrx_word' id='word_1_11' title='bbox 95 265 201 301; x_wconf 82' lang='lat' dir='ltr'><strong>rebus</strong></span> <span class='ocrx_word' id='word_1_12' title='bbox 231 261 368 312; x_wconf 87' lang='lat' dir='ltr'><strong>injustis</strong></span> <span class='ocrx_word' id='word_1_13' title='bbox 398 261 514 312; x_wconf 74' lang='lat' dir='ltr'><strong>justos</strong></span> <span class='ocrx_word' id='word_1_14' title='bbox 551 264 712 300; x_wconf 81' lang='lat' dir='ltr'>maxime</span> <span class='ocrx_word' id='word_1_15' title='bbox 747 263 878 308; x_wconf 87' lang='lat' dir='ltr'><strong>dolere,</strong></span> <span class='ocrx_word' id='word_1_16' title='bbox 913 261 1115 300; x_wconf 80' lang='lat' dir='ltr'>imbellibus</span> <span class='ocrx_word' id='word_1_17' title='bbox 1141 259 1260 307; x_wconf 70' lang='lat' dir='ltr'><strong>forteS,</strong></span> 
     </span>
     <span class='ocr_line' id='line_1_4' title="bbox 94 313 1261 366; baseline -0.003 -12"><span class='ocrx_word' id='word_1_18' title='bbox 94 317 273 366; x_wconf 83' lang='lat' dir='ltr'><strong>flagitiosis</strong></span> <span class='ocrx_word' id='word_1_19' title='bbox 289 315 480 354; x_wconf 86' lang='lat' dir='ltr'><strong>modestos.</strong></span> <span class='ocrx_word' id='word_1_20' title='bbox 547 315 641 365; x_wconf 84' lang='lat' dir='ltr'><strong>Ergo</strong></span> <span class='ocrx_word' id='word_1_21' title='bbox 661 315 732 352; x_wconf 86' lang='lat' dir='ltr'><strong>hoc</strong></span> <span class='ocrx_word' id='word_1_22' title='bbox 758 317 940 366; x_wconf 86' lang='lat' dir='ltr'><strong>proprium</strong></span> <span class='ocrx_word' id='word_1_23' title='bbox 958 322 1013 352; x_wconf 86' lang='lat' dir='ltr'><strong>est</strong></span> <span class='ocrx_word' id='word_1_24' title='bbox 1031 314 1140 351; x_wconf 85' lang='lat' dir='ltr'><strong>animi</strong></span> <span class='ocrx_word' id='word_1_25' title='bbox 1169 313 1261 351; x_wconf 87' lang='lat' dir='ltr'><strong>bene</strong></span> 
     </span>
     <span class='ocr_line' id='line_1_5' title="bbox 96 366 1262 416; baseline -0.002 -10"><span class='ocrx_word' id='word_1_26' title='bbox 96 369 286 416; x_wconf 85' lang='lat' dir='ltr'><strong>constituti,</strong></span> <span class='ocrx_word' id='word_1_27' title='bbox 303 375 338 406; x_wconf 89' lang='lat' dir='ltr'><strong>et</strong></span> <span class='ocrx_word' id='word_1_28' title='bbox 355 369 464 407; x_wconf 73' lang='lat' dir='ltr'><strong>laetari</strong></span> <span class='ocrx_word' id='word_1_29' title='bbox 493 370 596 410; x_wconf 88' lang='lat' dir='ltr'><strong>bonis</strong></span> <span class='ocrx_word' id='word_1_30' title='bbox 614 370 730 416; x_wconf 59' lang='lat' dir='ltr'><strong>selum,</strong></span> <span class='ocrx_word' id='word_1_31' title='bbox 759 377 794 406; x_wconf 88' lang='lat' dir='ltr'><strong>et</strong></span> <span class='ocrx_word' id='word_1_32' title='bbox 811 369 928 406; x_wconf 86' lang='lat' dir='ltr'><strong>dolere</strong></span> <span class='ocrx_word' id='word_1_33' title='bbox 947 368 1140 406; x_wconf 74' lang='lat' dir='ltr'>contrariis.</span> <span class='ocrx_word' id='word_1_34' title='bbox 1195 366 1262 405; x_wconf 71' lang='lat'><strong>48.</strong></span> 
     </span>
     <span class='ocr_line' id='line_1_6' title="bbox 96 421 1261 473; baseline -0.002 -13"><span class='ocrx_word' id='word_1_35' title='bbox 96 423 342 469; x_wconf 75' lang='lat' dir='ltr'>Quamobrem</span> <span class='ocrx_word' id='word_1_36' title='bbox 364 424 392 460; x_wconf 89' lang='lat' dir='ltr'><strong>si</strong></span> <span class='ocrx_word' id='word_1_37' title='bbox 413 423 508 461; x_wconf 87' lang='lat' dir='ltr'><strong>cadit</strong></span> <span class='ocrx_word' id='word_1_38' title='bbox 525 424 559 460; x_wconf 90' lang='lat' dir='ltr'><strong>in</strong></span> <span class='ocrx_word' id='word_1_39' title='bbox 580 424 776 473; x_wconf 79' lang='lat' dir='ltr'><strong>sapientem</strong></span> <span class='ocrx_word' id='word_1_40' title='bbox 798 424 908 460; x_wconf 86' lang='lat' dir='ltr'><strong>animi</strong></span> <span class='ocrx_word' id='word_1_41' title='bbox 928 421 1052 469; x_wconf 83' lang='lat' dir='ltr'><strong>dolor3</strong></span> <span class='ocrx_word' id='word_1_42' title='bbox 1081 422 1160 471; x_wconf 88' lang='lat' dir='ltr'><strong>(qui</strong></span> <span class='ocrx_word' id='word_1_43' title='bbox 1179 434 1261 471; x_wconf 91' lang='lat' dir='ltr'><strong>pro-</strong></span> 
     </span>
     <span class='ocr_line' id='line_1_7' title="bbox 95 475 1262 526; baseline 0.002 -15"><span class='ocrx_word' id='word_1_44' title='bbox 95 475 187 514; x_wconf 84' lang='lat' dir='ltr'><strong>fecto</strong></span> <span class='ocrx_word' id='word_1_45' title='bbox 205 475 313 522; x_wconf 89' lang='lat' dir='ltr'><strong>cadit,</strong></span> <span class='ocrx_word' id='word_1_46' title='bbox 333 477 397 513; x_wconf 89' lang='lat' dir='ltr'><strong>nisi</strong></span> <span class='ocrx_word' id='word_1_47' title='bbox 418 489 465 514; x_wconf 83' lang='lat' dir='ltr'><strong>ex</strong></span> <span class='ocrx_word' id='word_1_48' title='bbox 484 476 563 526; x_wconf 88' lang='lat' dir='ltr'><strong>ejus</strong></span> <span class='ocrx_word' id='word_1_49' title='bbox 592 477 715 514; x_wconf 90' lang='lat' dir='ltr'><strong>animo</strong></span> <span class='ocrx_word' id='word_1_50' title='bbox 740 478 972 525; x_wconf 76' lang='lat' dir='ltr'>exstirpatam</span> <span class='ocrx_word' id='word_1_51' title='bbox 999 476 1262 513; x_wconf 82' lang='lat' dir='ltr'><strong>humanitatem</strong></span> 
     </span>
     <span class='ocr_line' id='line_1_8' title="bbox 94 528 1261 582; baseline -0.001 -16"><span class='ocrx_word' id='word_1_52' title='bbox 94 529 332 582; x_wconf 85' lang='lat' dir='ltr'><strong>arbitramur,)</strong></span> <span class='ocrx_word' id='word_1_53' title='bbox 352 544 432 580; x_wconf 77' lang='lat' dir='ltr'><strong>qua&gt;</strong></span> <span class='ocrx_word' id='word_1_54' title='bbox 462 543 573 568; x_wconf 87' lang='lat' dir='ltr'><strong>causa</strong></span> <span class='ocrx_word' id='word_1_55' title='bbox 592 537 656 576; x_wconf 78' lang='lat' dir='ltr'><strong>est,</strong></span> <span class='ocrx_word' id='word_1_56' title='bbox 676 543 741 566; x_wconf 88' lang='lat' dir='ltr'><strong>cur</strong></span> <span class='ocrx_word' id='word_1_57' title='bbox 759 530 954 567; x_wconf 83' lang='lat' dir='ltr'><strong>amicitiam</strong></span> <span class='ocrx_word' id='word_1_58' title='bbox 975 528 1134 566; x_wconf 83' lang='lat' dir='ltr'><strong>funditus</strong></span> <span class='ocrx_word' id='word_1_59' title='bbox 1162 529 1261 565; x_wconf 88' lang='lat' dir='ltr'><strong>tolla·</strong></span> 
     </span>
     <span class='ocr_line' id='line_1_9' title="bbox 93 583 1262 634; baseline 0 -14"><span class='ocrx_word' id='word_1_60' title='bbox 93 595 175 620; x_wconf 90' lang='lat' dir='ltr'><strong>mus</strong></span> <span class='ocrx_word' id='word_1_61' title='bbox 188 595 209 620; x_wconf 85' lang='lat' dir='ltr'><strong>e</strong></span> <span class='ocrx_word' id='word_1_62' title='bbox 228 583 313 629; x_wconf 82' lang='lat' dir='ltr'><strong>vita,</strong></span> <span class='ocrx_word' id='word_1_63' title='bbox 330 596 375 620; x_wconf 89' lang='lat' dir='ltr'><strong>ne</strong></span> <span class='ocrx_word' id='word_1_64' title='bbox 391 585 527 634; x_wconf 83' lang='lat' dir='ltr'><strong>aliquas</strong></span> <span class='ocrx_word' id='word_1_65' title='bbox 542 591 681 634; x_wconf 82' lang='lat' dir='ltr'><strong>propter</strong></span> <span class='ocrx_word' id='word_1_66' title='bbox 692 596 774 621; x_wconf 87' lang='lat' dir='ltr'><strong>eam</strong></span> <span class='ocrx_word' id='word_1_67' title='bbox 790 583 1031 631; x_wconf 80' lang='lat' dir='ltr'><strong>suscipiamus</strong></span> <span class='ocrx_word' id='word_1_68' title='bbox 1050 583 1229 620; x_wconf 79' lang='lat' dir='ltr'><strong>molestias</strong></span> <span class='ocrx_word' id='word_1_69' title='bbox 1243 583 1262 620; x_wconf 73' lang='grc' dir='ltr'><strong>ἱ)</strong></span> 
     </span>
     <span class='ocr_line' id='line_1_10' title="bbox 93 636 1263 684; baseline 0.002 -12"><span class='ocrx_word' id='word_1_70' title='bbox 93 636 195 681; x_wconf 88' lang='lat' dir='ltr'><strong>Quid</strong></span> <span class='ocrx_word' id='word_1_71' title='bbox 214 638 311 674; x_wconf 88' lang='lat' dir='ltr'><strong>enim</strong></span> <span class='ocrx_word' id='word_1_72' title='bbox 340 638 493 684; x_wconf 83' lang='lat' dir='ltr'><strong>interest,</strong></span> <span class='ocrx_word' id='word_1_73' title='bbox 529 645 628 675; x_wconf 84' lang='lat' dir='ltr'><strong>motu</strong></span> <span class='ocrx_word' id='word_1_74' title='bbox 655 638 763 674; x_wconf 90' lang='lat' dir='ltr'><strong>animi</strong></span> <span class='ocrx_word' id='word_1_75' title='bbox 793 636 945 682; x_wconf 85' lang='lat' dir='ltr'><strong>sublato,</strong></span> <span class='ocrx_word' id='word_1_76' title='bbox 973 649 1045 672; x_wconf 88' lang='lat' dir='ltr'><strong>non</strong></span> <span class='ocrx_word' id='word_1_77' title='bbox 1074 636 1156 673; x_wconf 89' lang='lat' dir='ltr'><strong>dico</strong></span> <span class='ocrx_word' id='word_1_78' title='bbox 1175 638 1263 674; x_wconf 85' lang='lat' dir='ltr'><strong>inter</strong></span> 
     </span>
     <span class='ocr_line' id='line_1_11' title="bbox 94 688 1264 740; baseline 0.002 -15"><span class='ocrx_word' id='word_1_79' title='bbox 94 688 279 727; x_wconf 80' lang='lat' dir='ltr'><strong>hominem</strong></span> <span class='ocrx_word' id='word_1_80' title='bbox 307 697 343 727; x_wconf 84' lang='lat' dir='ltr'><strong>et.</strong></span> <span class='ocrx_word' id='word_1_81' title='bbox 361 692 552 740; x_wconf 78' lang='lat' dir='ltr'><strong>pecudem,</strong></span> <span class='ocrx_word' id='word_1_82' title='bbox 573 691 634 728; x_wconf 86' lang='lat' dir='ltr'><strong>sed</strong></span> <span class='ocrx_word' id='word_1_83' title='bbox 662 692 751 727; x_wconf 86' lang='lat' dir='ltr'><strong>inter</strong></span> <span class='ocrx_word' id='word_1_84' title='bbox 770 690 954 727; x_wconf 86' lang='lat' dir='ltr'><strong>hominem</strong></span> <span class='ocrx_word' id='word_1_85' title='bbox 974 695 1010 725; x_wconf 83' lang='lat' dir='ltr'><strong>et</strong></span> <span class='ocrx_word' id='word_1_86' title='bbox 1028 701 1175 737; x_wconf 82' lang='lat' dir='ltr'><strong>saxum,</strong></span> <span class='ocrx_word' id='word_1_87' title='bbox 1202 697 1264 727; x_wconf 84' lang='lat' dir='ltr'><strong>aut</strong></span> 
     </span>
     <span class='ocr_line' id='line_1_12' title="bbox 94 743 1265 794; baseline 0 -15"><span class='ocrx_word' id='word_1_88' title='bbox 94 749 276 789; x_wconf 80' lang='lat' dir='ltr'><strong>truncum,</strong></span> <span class='ocrx_word' id='word_1_89' title='bbox 294 751 356 780; x_wconf 88' lang='lat' dir='ltr'><strong>aut</strong></span> <span class='ocrx_word' id='word_1_90' title='bbox 375 745 516 794; x_wconf 83' lang='lat' dir='ltr'><strong>quidvis</strong></span> <span class='ocrx_word' id='word_1_91' title='bbox 534 745 672 794; x_wconf 79' lang='lat' dir='ltr'><strong>generis</strong></span> <span class='ocrx_word' id='word_1_92' title='bbox 689 743 853 793; x_wconf 88' lang='lat' dir='ltr'><strong>ejusdem</strong></span> <span class='ocrx_word' id='word_1_93' title='bbox 874 744 889 781; x_wconf 72' lang='grc' dir='ltr'><strong>’ἱ</strong></span> <span class='ocrx_word' id='word_1_94' title='bbox 917 743 1046 792; x_wconf 81' lang='lat' dir='ltr'>Neque</span> <span class='ocrx_word' id='word_1_95' title='bbox 1065 744 1161 780; x_wconf 86' lang='lat' dir='ltr'><strong>enim</strong></span> <span class='ocrx_word' id='word_1_96' title='bbox 1181 751 1265 780; x_wconf 85' lang='lat' dir='ltr'><strong>sunt</strong></span> 
     </span>
     <span class='ocr_line' id='line_1_13' title="bbox 94 797 1262 848; baseline 0 -15"><span class='ocrx_word' id='word_1_97' title='bbox 94 797 151 833; x_wconf 66' lang='lat' dir='ltr'><strong>isti</strong></span> <span class='ocrx_word' id='word_1_98' title='bbox 180 797 359 843; x_wconf 87' lang='lat' dir='ltr'><strong>audiendi,</strong></span> <span class='ocrx_word' id='word_1_99' title='bbox 379 799 439 848; x_wconf 92' lang='lat' dir='ltr'><strong>qui</strong></span> <span class='ocrx_word' id='word_1_100' title='bbox 459 800 623 835; x_wconf 86' lang='lat' dir='ltr'><strong>virtutem</strong></span> <span class='ocrx_word' id='word_1_101' title='bbox 643 799 770 835; x_wconf 86' lang='lat' dir='ltr'><strong>duram</strong></span> <span class='ocrx_word' id='word_1_102' title='bbox 797 803 833 834; x_wconf 89' lang='lat' dir='ltr'><strong>et</strong></span> <span class='ocrx_word' id='word_1_103' title='bbox 850 798 950 846; x_wconf 82' lang='lat' dir='ltr'><strong>quasi</strong></span> <span class='ocrx_word' id='word_1_104' title='bbox 970 798 1118 835; x_wconf 85' lang='lat' dir='ltr'><strong>ferream</strong></span> <span class='ocrx_word' id='word_1_105' title='bbox 1149 809 1262 846; x_wconf 87' lang='lat' dir='ltr'><strong>quan-</strong></span> 
     </span>
     <span class='ocr_line' id='line_1_14' title="bbox 93 849 1263 902; baseline 0 -16"><span class='ocrx_word' id='word_1_106' title='bbox 93 849 177 888; x_wconf 87' lang='lat' dir='ltr'><strong>dam</strong></span> <span class='ocrx_word' id='word_1_107' title='bbox 197 862 275 888; x_wconf 89' lang='lat' dir='ltr'><strong>esse</strong></span> <span class='ocrx_word' id='word_1_108' title='bbox 294 852 441 890; x_wconf 86' lang='lat' dir='ltr'><strong>volunt:</strong></span> <span class='ocrx_word' id='word_1_109' title='bbox 471 865 551 901; x_wconf 74' lang='lat' dir='ltr'><strong>quae</strong></span> <span class='ocrx_word' id='word_1_110' title='bbox 571 852 714 902; x_wconf 85' lang='lat' dir='ltr'><strong>quidem</strong></span> <span class='ocrx_word' id='word_1_111' title='bbox 736 858 800 896; x_wconf 86' lang='lat' dir='ltr'><strong>est,</strong></span> <span class='ocrx_word' id='word_1_112' title='bbox 821 862 933 900; x_wconf 89' lang='lat' dir='ltr'><strong>quum</strong></span> <span class='ocrx_word' id='word_1_113' title='bbox 952 850 1071 887; x_wconf 90' lang='lat' dir='ltr'><strong>multis</strong></span> <span class='ocrx_word' id='word_1_114' title='bbox 1090 851 1125 886; x_wconf 91' lang='lat' dir='ltr'><strong>in</strong></span> <span class='ocrx_word' id='word_1_115' title='bbox 1145 851 1263 897; x_wconf 79' lang='lat' dir='ltr'><strong>rebus,</strong></span> 
     </span>
     <span class='ocr_line' id='line_1_15' title="bbox 96 903 1264 955; baseline 0.002 -16"><span class='ocrx_word' id='word_1_116' title='bbox 96 909 172 940; x_wconf 83' lang='lat' dir='ltr'><strong>tum</strong></span> <span class='ocrx_word' id='word_1_117' title='bbox 192 904 226 940; x_wconf 90' lang='lat' dir='ltr'><strong>in</strong></span> <span class='ocrx_word' id='word_1_118' title='bbox 248 906 416 951; x_wconf 85' lang='lat' dir='ltr'><strong>amicitia,</strong></span> <span class='ocrx_word' id='word_1_119' title='bbox 437 913 557 943; x_wconf 85' lang='lat' dir='ltr'><strong>tenera</strong></span> <span class='ocrx_word' id='word_1_120' title='bbox 578 913 686 955; x_wconf 85' lang='lat' dir='ltr'><strong>atque</strong></span> <span class='ocrx_word' id='word_1_121' title='bbox 704 905 918 942; x_wconf 85' lang='lat' dir='ltr'><strong>tractabilis:</strong></span> <span class='ocrx_word' id='word_1_122' title='bbox 935 913 973 941; x_wconf 86' lang='lat' dir='ltr'><strong>ut</strong></span> <span class='ocrx_word' id='word_1_123' title='bbox 987 911 1022 942; x_wconf 89' lang='lat' dir='ltr'><strong>et</strong></span> <span class='ocrx_word' id='word_1_124' title='bbox 1041 903 1142 941; x_wconf 88' lang='lat' dir='ltr'><strong>bonis</strong></span> <span class='ocrx_word' id='word_1_125' title='bbox 1157 906 1264 942; x_wconf 87' lang='lat' dir='ltr'><strong>amici</strong></span> 
     </span>
     <span class='ocr_line' id='line_1_16' title="bbox 93 957 1265 1006; baseline 0.003 -13"><span class='ocrx_word' id='word_1_126' title='bbox 93 958 194 1006; x_wconf 80' lang='lat' dir='ltr'><strong>quasi</strong></span> <span class='ocrx_word' id='word_1_127' title='bbox 214 957 469 1005; x_wconf 79' lang='lat' dir='ltr'><strong>diffundantur,</strong></span> <span class='ocrx_word' id='word_1_128' title='bbox 487 966 523 996; x_wconf 87' lang='lat' dir='ltr'><strong>et</strong></span> <span class='ocrx_word' id='word_1_129' title='bbox 541 959 780 997; x_wconf 82' lang='lat' dir='ltr'><strong>incommodis</strong></span> <span class='ocrx_word' id='word_1_130' title='bbox 798 957 1063 996; x_wconf 84' lang='lat' dir='ltr'><strong>contrahantur.</strong></span> <span class='ocrx_word' id='word_1_131' title='bbox 1097 958 1265 1003; x_wconf 88' lang='lat' dir='ltr'><strong>Quamo-</strong></span> 
     </span>
     <span class='ocr_line' id='line_1_17' title="bbox 94 1011 1264 1063; baseline 0.003 -17"><span class='ocrx_word' id='word_1_132' title='bbox 94 1012 194 1047; x_wconf 80' lang='lat' dir='ltr'><strong>brem</strong></span> <span class='ocrx_word' id='word_1_133' title='bbox 213 1022 323 1060; x_wconf 87' lang='lat' dir='ltr'><strong>angor</strong></span> <span class='ocrx_word' id='word_1_134' title='bbox 338 1013 415 1058; x_wconf 84' lang='lat' dir='ltr'><strong>iste,</strong></span> <span class='ocrx_word' id='word_1_135' title='bbox 443 1014 503 1063; x_wconf 91' lang='lat' dir='ltr'><strong>qui</strong></span> <span class='ocrx_word' id='word_1_136' title='bbox 535 1026 598 1062; x_wconf 88' lang='lat' dir='ltr'><strong>pro</strong></span> <span class='ocrx_word' id='word_1_137' title='bbox 626 1014 745 1050; x_wconf 86' lang='lat' dir='ltr'><strong>amico</strong></span> <span class='ocrx_word' id='word_1_138' title='bbox 764 1023 860 1061; x_wconf 63' lang='lat' dir='ltr'><strong>saepe</strong></span> <span class='ocrx_word' id='word_1_139' title='bbox 879 1011 1080 1060; x_wconf 87' lang='lat' dir='ltr'><strong>capiundus</strong></span> <span class='ocrx_word' id='word_1_140' title='bbox 1098 1019 1163 1058; x_wconf 86' lang='lat' dir='ltr'><strong>est,</strong></span> <span class='ocrx_word' id='word_1_141' title='bbox 1191 1024 1264 1049; x_wconf 89' lang='lat' dir='ltr'><strong>non</strong></span> 
     </span>
     <span class='ocr_line' id='line_1_18' title="bbox 92 1066 1263 1115; baseline 0.003 -15"><span class='ocrx_word' id='word_1_142' title='bbox 92 1071 232 1102; x_wconf 75' lang='lat' dir='ltr'><strong>tanturn</strong></span> <span class='ocrx_word' id='word_1_143' title='bbox 254 1066 360 1112; x_wconf 78' lang='lat' dir='ltr'><strong>valet,</strong></span> <span class='ocrx_word' id='word_1_144' title='bbox 382 1072 419 1102; x_wconf 91' lang='lat' dir='ltr'><strong>ut</strong></span> <span class='ocrx_word' id='word_1_145' title='bbox 435 1068 533 1104; x_wconf 82' lang='lat' dir='ltr'><strong>tollat</strong></span> <span class='ocrx_word' id='word_1_146' title='bbox 561 1078 582 1102; x_wconf 89' lang='lat' dir='ltr'><strong>e</strong></span> <span class='ocrx_word' id='word_1_147' title='bbox 598 1067 669 1103; x_wconf 90' lang='lat' dir='ltr'><strong>vita</strong></span> <span class='ocrx_word' id='word_1_148' title='bbox 687 1067 909 1114; x_wconf 67' lang='lat' dir='ltr'><strong>amicitiam3</strong></span> <span class='ocrx_word' id='word_1_149' title='bbox 938 1077 1009 1101; x_wconf 92' lang='lat' dir='ltr'><strong>non</strong></span> <span class='ocrx_word' id='word_1_150' title='bbox 1030 1066 1124 1114; x_wconf 78' lang='lat' dir='ltr'><strong>pluS,</strong></span> <span class='ocrx_word' id='word_1_151' title='bbox 1152 1078 1263 1115; x_wconf 89' lang='lat' dir='ltr'><strong>quam</strong></span> 
     </span>
     <span class='ocr_line' id='line_1_19' title="bbox 96 1119 1264 1168; baseline 0.003 -14"><span class='ocrx_word' id='word_1_152' title='bbox 96 1125 134 1155; x_wconf 90' lang='lat' dir='ltr'><strong>ut</strong></span> <span class='ocrx_word' id='word_1_153' title='bbox 151 1119 309 1165; x_wconf 88' lang='lat' dir='ltr'><strong>virtutes,</strong></span> <span class='ocrx_word' id='word_1_154' title='bbox 326 1120 410 1168; x_wconf 89' lang='lat' dir='ltr'><strong>quia</strong></span> <span class='ocrx_word' id='word_1_155' title='bbox 430 1120 620 1158; x_wconf 86' lang='lat' dir='ltr'><strong>nonnullas</strong></span> <span class='ocrx_word' id='word_1_156' title='bbox 639 1132 745 1158; x_wconf 86' lang='lat' dir='ltr'><strong>curas</strong></span> <span class='ocrx_word' id='word_1_157' title='bbox 772 1128 808 1157; x_wconf 85' lang='lat' dir='ltr'><strong>et</strong></span> <span class='ocrx_word' id='word_1_158' title='bbox 827 1119 1007 1156; x_wconf 81' lang='lat' dir='ltr'><strong>molestias</strong></span> <span class='ocrx_word' id='word_1_159' title='bbox 1025 1119 1188 1167; x_wconf 86' lang='lat' dir='ltr'><strong>afferunt,</strong></span> <span class='ocrx_word' id='word_1_160' title='bbox 1209 1133 1264 1159; x_wconf 81' lang='lat' dir='ltr'><strong>re·</strong></span> 
     </span>
     <span class='ocr_line' id='line_1_20' title="bbox 95 1171 299 1220; baseline 0 -12"><span class='ocrx_word' id='word_1_161' title='bbox 95 1171 299 1220; x_wconf 86' lang='lat' dir='ltr'><strong>pudientur.</strong></span> 
     </span>
    </p>

    <p class='ocr_par' dir='ltr' id='par_1_3' title="bbox 89 1223 1265 2404">
     <span class='ocr_line' id='line_1_21' title="bbox 150 1223 1262 1276; baseline 0.004 -14"><span class='ocrx_word' id='word_1_162' title='bbox 150 1223 253 1264; x_wconf 91' lang='lat' dir='ltr'><strong>XIV.</strong></span> <span class='ocrx_word' id='word_1_163' title='bbox 284 1226 411 1272; x_wconf 86' lang='lat' dir='ltr'><strong>Quum</strong></span> <span class='ocrx_word' id='word_1_164' title='bbox 426 1233 547 1264; x_wconf 85' lang='lat' dir='ltr'><strong>autem</strong></span> <span class='ocrx_word' id='word_1_165' title='bbox 564 1227 751 1265; x_wconf 82' lang='lat' dir='ltr'><strong>contrahat</strong></span> <span class='ocrx_word' id='word_1_166' title='bbox 764 1227 973 1273; x_wconf 76' lang='lat' dir='ltr'><strong>amicitiam,</strong></span> <span class='ocrx_word' id='word_1_167' title='bbox 992 1233 1030 1263; x_wconf 85' lang='lat' dir='ltr'><strong>ut</strong></span> <span class='ocrx_word' id='word_1_168' title='bbox 1048 1239 1156 1276; x_wconf 89' lang='lat' dir='ltr'><strong>supra</strong></span> <span class='ocrx_word' id='word_1_169' title='bbox 1175 1227 1262 1275; x_wconf 83' lang='lat' dir='ltr'><strong>dixi,</strong></span> 
     </span>
     <span class='ocr_line' id='line_1_22' title="bbox 98 1280 1262 1329; baseline 0.003 -14"><span class='ocrx_word' id='word_1_170' title='bbox 98 1280 126 1315; x_wconf 83' lang='lat' dir='ltr'><strong>si</strong></span> <span class='ocrx_word' id='word_1_171' title='bbox 156 1291 227 1328; x_wconf 89' lang='lat' dir='ltr'><strong>qua</strong></span> <span class='ocrx_word' id='word_1_172' title='bbox 259 1280 469 1328; x_wconf 84' lang='lat' dir='ltr'><strong>significatio</strong></span> <span class='ocrx_word' id='word_1_173' title='bbox 496 1281 631 1318; x_wconf 86' lang='lat' dir='ltr'><strong>virtutis</strong></span> <span class='ocrx_word' id='word_1_174' title='bbox 674 1281 828 1327; x_wconf 82' lang='lat' dir='ltr'><strong>eluceat,</strong></span> <span class='ocrx_word' id='word_1_175' title='bbox 858 1280 902 1316; x_wconf 89' lang='lat' dir='ltr'><strong>ad</strong></span> <span class='ocrx_word' id='word_1_176' title='bbox 931 1293 1040 1329; x_wconf 92' lang='lat' dir='ltr'><strong>quam</strong></span> <span class='ocrx_word' id='word_1_177' title='bbox 1071 1293 1110 1318; x_wconf 90' lang='lat' dir='ltr'><strong>se</strong></span> <span class='ocrx_word' id='word_1_178' title='bbox 1137 1282 1262 1320; x_wconf 90' lang='lat' dir='ltr'><strong>similis</strong></span> 
     </span>
     <span class='ocr_line' id='line_1_23' title="bbox 91 1333 1265 1383; baseline 0.004 -14"><span class='ocrx_word' id='word_1_179' title='bbox 91 1333 234 1370; x_wconf 86' lang='lat' dir='ltr'><strong>animus</strong></span> <span class='ocrx_word' id='word_1_180' title='bbox 261 1333 416 1382; x_wconf 82' lang='lat' dir='ltr'><strong>applicet</strong></span> <span class='ocrx_word' id='word_1_181' title='bbox 451 1342 486 1371; x_wconf 83' lang='lat' dir='ltr'><strong>et</strong></span> <span class='ocrx_word' id='word_1_182' title='bbox 515 1334 717 1383; x_wconf 82' lang='lat' dir='ltr'><strong>adjungat:</strong></span> <span class='ocrx_word' id='word_1_183' title='bbox 745 1334 778 1371; x_wconf 88' lang='lat' dir='ltr'><strong>id</strong></span> <span class='ocrx_word' id='word_1_184' title='bbox 808 1346 922 1383; x_wconf 88' lang='lat' dir='ltr'><strong>quum</strong></span> <span class='ocrx_word' id='word_1_185' title='bbox 951 1335 1132 1382; x_wconf 82' lang='lat' dir='ltr'><strong>contingit,</strong></span> <span class='ocrx_word' id='word_1_186' title='bbox 1162 1348 1265 1373; x_wconf 84' lang='lat' dir='ltr'><strong>amor</strong></span> 
     </span>
     <span class='ocr_line' id='line_1_24' title="bbox 93 1387 1261 1435; baseline 0.004 -14"><span class='ocrx_word' id='word_1_187' title='bbox 93 1387 274 1422; x_wconf 77' lang='lat' dir='ltr'><strong>exoriatur</strong></span> <span class='ocrx_word' id='word_1_188' title='bbox 301 1398 450 1424; x_wconf 87' lang='lat' dir='ltr'><strong>necesse</strong></span> <span class='ocrx_word' id='word_1_189' title='bbox 478 1395 544 1424; x_wconf 83' lang='lat' dir='ltr'><strong>est.</strong></span> <span class='ocrx_word' id='word_1_190' title='bbox 600 1389 662 1426; x_wconf 86' lang='lat'><strong>49.</strong></span> <span class='ocrx_word' id='word_1_191' title='bbox 693 1388 792 1434; x_wconf 83' lang='lat' dir='ltr'><strong>Quid</strong></span> <span class='ocrx_word' id='word_1_192' title='bbox 819 1388 917 1424; x_wconf 89' lang='lat' dir='ltr'><strong>enirn</strong></span> <span class='ocrx_word' id='word_1_193' title='bbox 949 1394 1022 1423; x_wconf 84' lang='lat' dir='ltr'><strong>tarn</strong></span> <span class='ocrx_word' id='word_1_194' title='bbox 1052 1388 1261 1435; x_wconf 86' lang='lat' dir='ltr'><strong>absurdum,</strong></span> 
     </span>
     <span class='ocr_line' id='line_1_25' title="bbox 93 1439 1261 1490; baseline 0.003 -14"><span class='ocrx_word' id='word_1_195' title='bbox 93 1452 202 1489; x_wconf 89' lang='lat' dir='ltr'><strong>quam</strong></span> <span class='ocrx_word' id='word_1_196' title='bbox 215 1439 381 1477; x_wconf 83' lang='lat' dir='ltr'><strong>delectari</strong></span> <span class='ocrx_word' id='word_1_197' title='bbox 399 1441 519 1478; x_wconf 91' lang='lat' dir='ltr'><strong>multis</strong></span> <span class='ocrx_word' id='word_1_198' title='bbox 538 1442 705 1479; x_wconf 88' lang='lat' dir='ltr'><strong>inanibus</strong></span> <span class='ocrx_word' id='word_1_199' title='bbox 723 1442 841 1487; x_wconf 86' lang='lat' dir='ltr'><strong>rebus,</strong></span> <span class='ocrx_word' id='word_1_200' title='bbox 860 1446 899 1477; x_wconf 90' lang='lat' dir='ltr'><strong>ut</strong></span> <span class='ocrx_word' id='word_1_201' title='bbox 918 1440 1065 1487; x_wconf 85' lang='lat' dir='ltr'><strong>honore,</strong></span> <span class='ocrx_word' id='word_1_202' title='bbox 1087 1448 1124 1478; x_wconf 92' lang='lat' dir='ltr'><strong>ut</strong></span> <span class='ocrx_word' id='word_1_203' title='bbox 1141 1443 1261 1490; x_wconf 84' lang='lat' dir='ltr'><strong>gloria,</strong></span> 
     </span>
     <span class='ocr_line' id='line_1_26' title="bbox 93 1493 1258 1545; baseline 0.005 -17"><span class='ocrx_word' id='word_1_204' title='bbox 93 1499 132 1529; x_wconf 88' lang='lat' dir='ltr'><strong>ut</strong></span> <span class='ocrx_word' id='word_1_205' title='bbox 149 1493 315 1539; x_wconf 84' lang='lat' dir='ltr'><strong>aedificio,</strong></span> <span class='ocrx_word' id='word_1_206' title='bbox 334 1501 373 1530; x_wconf 91' lang='lat' dir='ltr'><strong>ut</strong></span> <span class='ocrx_word' id='word_1_207' title='bbox 392 1496 521 1532; x_wconf 81' lang='lat' dir='ltr'><strong>vestitu</strong></span> <span class='ocrx_word' id='word_1_208' title='bbox 541 1496 711 1545; x_wconf 86' lang='lat' dir='ltr'><strong>cultuque</strong></span> <span class='ocrx_word' id='word_1_209' title='bbox 731 1496 900 1544; x_wconf 87' lang='lat' dir='ltr'><strong>corporis,</strong></span> <span class='ocrx_word' id='word_1_210' title='bbox 913 1495 1035 1531; x_wconf 87' lang='lat' dir='ltr'><strong>animo</strong></span> <span class='ocrx_word' id='word_1_211' title='bbox 1051 1501 1172 1533; x_wconf 86' lang='lat' dir='ltr'><strong>autem</strong></span> <span class='ocrx_word' id='word_1_212' title='bbox 1188 1497 1258 1534; x_wconf 90' lang='lat' dir='ltr'><strong>vir-</strong></span> 
     </span>
     <span class='ocr_line' id='line_1_27' title="bbox 93 1547 1260 1598; baseline 0.005 -16"><span class='ocrx_word' id='word_1_213' title='bbox 93 1554 166 1583; x_wconf 76' lang='lat' dir='ltr'><strong>tute</strong></span> <span class='ocrx_word' id='word_1_214' title='bbox 186 1548 344 1596; x_wconf 84' lang='lat' dir='ltr'><strong>praeditO,</strong></span> <span class='ocrx_word' id='word_1_215' title='bbox 371 1560 428 1596; x_wconf 79' lang='lat' dir='ltr'><strong>ec,</strong></span> <span class='ocrx_word' id='word_1_216' title='bbox 456 1550 514 1598; x_wconf 84' lang='lat' dir='ltr'><strong>qui</strong></span> <span class='ocrx_word' id='word_1_217' title='bbox 543 1549 599 1585; x_wconf 87' lang='lat' dir='ltr'><strong>vel</strong></span> <span class='ocrx_word' id='word_1_218' title='bbox 629 1561 762 1595; x_wconf 86' lang='lat' dir='ltr'><strong>amare,</strong></span> <span class='ocrx_word' id='word_1_219' title='bbox 782 1549 852 1594; x_wconf 92' lang='lat' dir='ltr'><strong>vel,</strong></span> <span class='ocrx_word' id='word_1_220' title='bbox 873 1555 911 1584; x_wconf 86' lang='lat' dir='ltr'><strong>ut</strong></span> <span class='ocrx_word' id='word_1_221' title='bbox 930 1548 977 1584; x_wconf 89' lang='lat' dir='ltr'><strong>ita</strong></span> <span class='ocrx_word' id='word_1_222' title='bbox 1006 1547 1139 1595; x_wconf 86' lang='lat' dir='ltr'><strong>dicam,</strong></span> <span class='ocrx_word' id='word_1_223' title='bbox 1158 1550 1260 1588; x_wconf 85' lang='lat' dir='ltr'><strong>reda-</strong></span> 
     </span>
     <span class='ocr_line' id='line_1_28' title="bbox 93 1600 1262 1650; baseline 0.003 -13"><span class='ocrx_word' id='word_1_224' title='bbox 93 1613 192 1638; x_wconf 87' lang='lat' dir='ltr'><strong>mare</strong></span> <span class='ocrx_word' id='word_1_225' title='bbox 210 1601 331 1650; x_wconf 85' lang='lat' dir='ltr'><strong>possit,</strong></span> <span class='ocrx_word' id='word_1_226' title='bbox 351 1615 420 1639; x_wconf 91' lang='lat' dir='ltr'><strong>non</strong></span> <span class='ocrx_word' id='word_1_227' title='bbox 443 1602 639 1640; x_wconf 85' lang='lat' dir='ltr'><strong>admodum</strong></span> <span class='ocrx_word' id='word_1_228' title='bbox 660 1603 826 1640; x_wconf 87' lang='lat' dir='ltr'><strong>delectari</strong></span> <span class='ocrx_word' id='word_1_229' title='bbox 847 1600 861 1634; x_wconf 69' lang='lat' dir='ltr'><strong>‘l</strong></span> <span class='ocrx_word' id='word_1_230' title='bbox 899 1601 1001 1638; x_wconf 83' lang='lat' dir='ltr'><strong>Niliil</strong></span> <span class='ocrx_word' id='word_1_231' title='bbox 1019 1608 1071 1638; x_wconf 89' lang='lat' dir='ltr'><strong>est</strong></span> <span class='ocrx_word' id='word_1_232' title='bbox 1089 1604 1187 1641; x_wconf 86' lang='lat' dir='ltr'><strong>enirn</strong></span> <span class='ocrx_word' id='word_1_233' title='bbox 1205 1616 1262 1641; x_wconf 77' lang='lat' dir='ltr'><strong>re-</strong></span> 
     </span>
     <span class='ocr_line' id='line_1_29' title="bbox 91 1654 1261 1703; baseline 0.004 -13"><span class='ocrx_word' id='word_1_234' title='bbox 91 1655 340 1692; x_wconf 82' lang='lat' dir='ltr'><strong>muneratione</strong></span> <span class='ocrx_word' id='word_1_235' title='bbox 376 1656 648 1703; x_wconf 82' lang='lat' dir='ltr'><strong>benevolentiae,</strong></span> <span class='ocrx_word' id='word_1_236' title='bbox 677 1655 761 1693; x_wconf 89' lang='lat' dir='ltr'><strong>nihil</strong></span> <span class='ocrx_word' id='word_1_237' title='bbox 791 1654 1035 1693; x_wconf 84' lang='lat' dir='ltr'><strong>vicissitudine</strong></span> <span class='ocrx_word' id='word_1_238' title='bbox 1063 1656 1261 1695; x_wconf 84' lang='lat' dir='ltr'><strong>studiorum</strong></span> 
     </span>
     <span class='ocr_line' id='line_1_30' title="bbox 89 1708 1258 1758; baseline 0.004 -15"><span class='ocrx_word' id='word_1_239' title='bbox 89 1708 358 1758; x_wconf 76' lang='lat' dir='ltr'><strong>officiorumque</strong></span> <span class='ocrx_word' id='word_1_240' title='bbox 382 1708 592 1757; x_wconf 87' lang='lat' dir='ltr'><strong>jucundius.</strong></span> <span class='ocrx_word' id='word_1_241' title='bbox 651 1710 711 1748; x_wconf 82' lang='lat'><strong>50.</strong></span> <span class='ocrx_word' id='word_1_242' title='bbox 742 1708 850 1756; x_wconf 88' lang='lat' dir='ltr'><strong>Quod</strong></span> <span class='ocrx_word' id='word_1_243' title='bbox 871 1710 898 1745; x_wconf 90' lang='lat' dir='ltr'><strong>si</strong></span> <span class='ocrx_word' id='word_1_244' title='bbox 919 1708 1027 1745; x_wconf 87' lang='lat' dir='ltr'><strong>etiam</strong></span> <span class='ocrx_word' id='word_1_245' title='bbox 1047 1709 1132 1746; x_wconf 92' lang='lat' dir='ltr'><strong>illud</strong></span> <span class='ocrx_word' id='word_1_246' title='bbox 1160 1710 1258 1748; x_wconf 89' lang='lat' dir='ltr'><strong>addi-</strong></span> 
     </span>
     <span class='ocr_line' id='line_1_31' title="bbox 94 1762 1258 1813; baseline 0.005 -16"><span class='ocrx_word' id='word_1_247' title='bbox 94 1774 188 1807; x_wconf 85' lang='lat' dir='ltr'><strong>mus,</strong></span> <span class='ocrx_word' id='word_1_248' title='bbox 208 1762 301 1811; x_wconf 88' lang='lat' dir='ltr'><strong>quod</strong></span> <span class='ocrx_word' id='word_1_249' title='bbox 322 1769 418 1800; x_wconf 86' lang='lat' dir='ltr'><strong>recte</strong></span> <span class='ocrx_word' id='word_1_250' title='bbox 445 1763 525 1800; x_wconf 87' lang='lat' dir='ltr'><strong>addi</strong></span> <span class='ocrx_word' id='word_1_251' title='bbox 545 1769 672 1813; x_wconf 84' lang='lat' dir='ltr'><strong>potest,</strong></span> <span class='ocrx_word' id='word_1_252' title='bbox 700 1763 786 1800; x_wconf 84' lang='lat' dir='ltr'><strong>niliil</strong></span> <span class='ocrx_word' id='word_1_253' title='bbox 814 1774 906 1808; x_wconf 78' lang='lat' dir='ltr'><strong>esse,</strong></span> <span class='ocrx_word' id='word_1_254' title='bbox 935 1762 1032 1812; x_wconf 93' lang='lat' dir='ltr'><strong>quod</strong></span> <span class='ocrx_word' id='word_1_255' title='bbox 1052 1762 1098 1799; x_wconf 89' lang='lat' dir='ltr'><strong>ad</strong></span> <span class='ocrx_word' id='word_1_256' title='bbox 1126 1776 1164 1801; x_wconf 88' lang='lat' dir='ltr'><strong>se</strong></span> <span class='ocrx_word' id='word_1_257' title='bbox 1183 1777 1258 1803; x_wconf 85' lang='lat' dir='ltr'><strong>rem</strong></span> 
     </span>
     <span class='ocr_line' id='line_1_32' title="bbox 94 1815 1258 1866; baseline 0.005 -16"><span class='ocrx_word' id='word_1_258' title='bbox 94 1815 203 1852; x_wconf 88' lang='lat' dir='ltr'><strong>ullam</strong></span> <span class='ocrx_word' id='word_1_259' title='bbox 232 1823 304 1853; x_wconf 84' lang='lat' dir='ltr'><strong>tam</strong></span> <span class='ocrx_word' id='word_1_260' title='bbox 333 1816 464 1854; x_wconf 86' lang='lat' dir='ltr'><strong>alliciat</strong></span> <span class='ocrx_word' id='word_1_261' title='bbox 490 1823 526 1854; x_wconf 88' lang='lat' dir='ltr'><strong>et</strong></span> <span class='ocrx_word' id='word_1_262' title='bbox 552 1824 626 1854; x_wconf 90' lang='lat' dir='ltr'><strong>tam</strong></span> <span class='ocrx_word' id='word_1_263' title='bbox 660 1816 824 1862; x_wconf 88' lang='lat' dir='ltr'><strong>attrahat,</strong></span> <span class='ocrx_word' id='word_1_264' title='bbox 851 1828 959 1866; x_wconf 87' lang='lat' dir='ltr'><strong>quam</strong></span> <span class='ocrx_word' id='word_1_265' title='bbox 992 1815 1037 1853; x_wconf 92' lang='lat' dir='ltr'><strong>ad</strong></span> <span class='ocrx_word' id='word_1_266' title='bbox 1064 1818 1258 1856; x_wconf 82' lang='lat' dir='ltr'><strong>amicitiani</strong></span> 
     </span>
     <span class='ocr_line' id='line_1_33' title="bbox 93 1868 1259 1920; baseline 0.004 -16"><span class='ocrx_word' id='word_1_267' title='bbox 93 1868 283 1906; x_wconf 85' lang='lat' dir='ltr'><strong>similitudo</strong></span> <span class='ocrx_word' id='word_1_268' title='bbox 298 1882 306 1907; x_wconf 89' lang='lat'>:</span> <span class='ocrx_word' id='word_1_269' title='bbox 322 1869 540 1908; x_wconf 85' lang='lat' dir='ltr'><strong>concedetur</strong></span> <span class='ocrx_word' id='word_1_270' title='bbox 557 1870 718 1920; x_wconf 84' lang='lat' dir='ltr'><strong>profecto</strong></span> <span class='ocrx_word' id='word_1_271' title='bbox 736 1883 862 1908; x_wconf 88' lang='lat' dir='ltr'><strong>verum</strong></span> <span class='ocrx_word' id='word_1_272' title='bbox 881 1882 973 1916; x_wconf 87' lang='lat' dir='ltr'><strong>esse,</strong></span> <span class='ocrx_word' id='word_1_273' title='bbox 992 1875 1031 1906; x_wconf 89' lang='lat' dir='ltr'><strong>ut</strong></span> <span class='ocrx_word' id='word_1_274' title='bbox 1049 1870 1162 1908; x_wconf 89' lang='lat' dir='ltr'><strong>bonos</strong></span> <span class='ocrx_word' id='word_1_275' title='bbox 1174 1872 1259 1909; x_wconf 87' lang='lat' dir='ltr'><strong>boni</strong></span> 
     </span>
     <span class='ocr_line' id='line_1_34' title="bbox 90 1921 1258 1975; baseline 0.007 -19"><span class='ocrx_word' id='word_1_276' title='bbox 90 1921 232 1970; x_wconf 73' lang='lat' dir='ltr'><strong>diligant</strong></span> <span class='ocrx_word' id='word_1_277' title='bbox 246 1922 521 1973; x_wconf 78' lang='lat' dir='ltr'><strong>adsciscantque</strong></span> <span class='ocrx_word' id='word_1_278' title='bbox 540 1925 618 1972; x_wconf 84' lang='lat' dir='ltr'><strong>sibi,</strong></span> <span class='ocrx_word' id='word_1_279' title='bbox 637 1926 737 1975; x_wconf 88' lang='lat' dir='ltr'><strong>quasi</strong></span> <span class='ocrx_word' id='word_1_280' title='bbox 759 1924 1024 1974; x_wconf 81' lang='lat' dir='ltr'><strong>propinquitate</strong></span> <span class='ocrx_word' id='word_1_281' title='bbox 1044 1923 1258 1972; x_wconf 82' lang='lat' dir='ltr'><strong>conjunctos</strong></span> 
     </span>
     <span class='ocr_line' id='line_1_35' title="bbox 95 1977 1259 2027; baseline 0.006 -17"><span class='ocrx_word' id='word_1_282' title='bbox 95 1982 201 2023; x_wconf 83' lang='lat' dir='ltr'><strong>atque</strong></span> <span class='ocrx_word' id='word_1_283' title='bbox 220 1983 359 2022; x_wconf 81' lang='lat' dir='ltr'><strong>natura.</strong></span> <span class='ocrx_word' id='word_1_284' title='bbox 415 1977 513 2015; x_wconf 87' lang='lat' dir='ltr'><strong>Nihil</strong></span> <span class='ocrx_word' id='word_1_285' title='bbox 540 1984 594 2015; x_wconf 87' lang='lat' dir='ltr'><strong>est</strong></span> <span class='ocrx_word' id='word_1_286' title='bbox 620 1980 717 2016; x_wconf 90' lang='lat' dir='ltr'><strong>enirn</strong></span> <span class='ocrx_word' id='word_1_287' title='bbox 737 1978 964 2027; x_wconf 84' lang='lat' dir='ltr'><strong>appetentius</strong></span> <span class='ocrx_word' id='word_1_288' title='bbox 992 1978 1161 2016; x_wconf 86' lang='lat' dir='ltr'><strong>similium</strong></span> <span class='ocrx_word' id='word_1_289' title='bbox 1192 1981 1259 2027; x_wconf 89' lang='lat' dir='ltr'><strong>sui,</strong></span> 
     </span>
     <span class='ocr_line' id='line_1_36' title="bbox 97 2028 1259 2082; baseline 0.006 -19"><span class='ocrx_word' id='word_1_290' title='bbox 97 2028 181 2065; x_wconf 91' lang='lat' dir='ltr'><strong>nihil</strong></span> <span class='ocrx_word' id='word_1_291' title='bbox 201 2030 380 2078; x_wconf 85' lang='lat' dir='ltr'><strong>rapacius,</strong></span> <span class='ocrx_word' id='word_1_292' title='bbox 408 2045 516 2082; x_wconf 86' lang='lat' dir='ltr'><strong>quam</strong></span> <span class='ocrx_word' id='word_1_293' title='bbox 537 2038 677 2070; x_wconf 83' lang='lat' dir='ltr'><strong>natura.</strong></span> <span class='ocrx_word' id='word_1_294' title='bbox 734 2031 980 2078; x_wconf 81' lang='lat' dir='ltr'><strong>Quamobrem</strong></span> <span class='ocrx_word' id='word_1_295' title='bbox 1002 2030 1073 2068; x_wconf 88' lang='lat' dir='ltr'><strong>hoc</strong></span> <span class='ocrx_word' id='word_1_296' title='bbox 1101 2032 1259 2081; x_wconf 87' lang='lat' dir='ltr'><strong>quidem,</strong></span> 
     </span>
     <span class='ocr_line' id='line_1_37' title="bbox 97 2080 1260 2136; baseline 0.006 -19"><span class='ocrx_word' id='word_1_297' title='bbox 97 2080 214 2119; x_wconf 81' lang='lat' dir='ltr'><strong>Fanni</strong></span> <span class='ocrx_word' id='word_1_298' title='bbox 233 2089 267 2119; x_wconf 90' lang='lat' dir='ltr'><strong>et</strong></span> <span class='ocrx_word' id='word_1_299' title='bbox 288 2083 462 2132; x_wconf 77' lang='lat' dir='ltr'><strong>Scaevola,</strong></span> <span class='ocrx_word' id='word_1_300' title='bbox 491 2092 643 2132; x_wconf 84' lang='lat' dir='ltr'><strong>constat,</strong></span> <span class='ocrx_word' id='word_1_301' title='bbox 663 2092 702 2123; x_wconf 91' lang='lat' dir='ltr'><strong>ut</strong></span> <span class='ocrx_word' id='word_1_302' title='bbox 730 2088 869 2136; x_wconf 89' lang='lat' dir='ltr'><strong>opinor,</strong></span> <span class='ocrx_word' id='word_1_303' title='bbox 897 2085 1001 2122; x_wconf 88' lang='lat' dir='ltr'><strong>bonis</strong></span> <span class='ocrx_word' id='word_1_304' title='bbox 1029 2086 1119 2122; x_wconf 87' lang='lat' dir='ltr'><strong>inter</strong></span> <span class='ocrx_word' id='word_1_305' title='bbox 1146 2086 1260 2124; x_wconf 90' lang='lat' dir='ltr'><strong>bonos</strong></span> 
     </span>
     <span class='ocr_line' id='line_1_38' title="bbox 95 2137 1258 2188; baseline 0.006 -17"><span class='ocrx_word' id='word_1_306' title='bbox 95 2137 198 2183; x_wconf 88' lang='lat' dir='ltr'><strong>quasi</strong></span> <span class='ocrx_word' id='word_1_307' title='bbox 219 2139 458 2175; x_wconf 85' lang='lat' dir='ltr'><strong>necessariam</strong></span> <span class='ocrx_word' id='word_1_308' title='bbox 487 2140 775 2178; x_wconf 82' lang='lat' dir='ltr'><strong>benevolentiam</strong></span> <span class='ocrx_word' id='word_1_309' title='bbox 794 2151 872 2176; x_wconf 86' lang='lat' dir='ltr'><strong>esse</strong></span> <span class='ocrx_word' id='word_1_310' title='bbox 891 2152 901 2187; x_wconf 86' lang='lat'><em>3</em></span> <span class='ocrx_word' id='word_1_311' title='bbox 929 2139 988 2188; x_wconf 91' lang='lat' dir='ltr'><strong>qui</strong></span> <span class='ocrx_word' id='word_1_312' title='bbox 1018 2144 1070 2175; x_wconf 86' lang='lat' dir='ltr'><strong>est</strong></span> <span class='ocrx_word' id='word_1_313' title='bbox 1089 2140 1258 2178; x_wconf 85' lang='lat' dir='ltr'><strong>amicitiae</strong></span> 
     </span>
     <span class='ocr_line' id='line_1_39' title="bbox 95 2188 1260 2232; baseline 0.007 -9"><span class='ocrx_word' id='word_1_314' title='bbox 95 2188 176 2225; x_wconf 76' lang='lat' dir='ltr'><strong>fons</strong></span> <span class='ocrx_word' id='word_1_315' title='bbox 194 2201 214 2225; x_wconf 89' lang='lat' dir='ltr'><strong>a</strong></span> <span class='ocrx_word' id='word_1_316' title='bbox 236 2196 361 2227; x_wconf 89' lang='lat' dir='ltr'><strong>natura</strong></span> <span class='ocrx_word' id='word_1_317' title='bbox 389 2193 608 2231; x_wconf 86' lang='lat' dir='ltr'><strong>constitutus.</strong></span> <span class='ocrx_word' id='word_1_318' title='bbox 665 2193 734 2232; x_wconf 89' lang='lat' dir='ltr'><strong>Sed</strong></span> <span class='ocrx_word' id='word_1_319' title='bbox 763 2192 891 2230; x_wconf 90' lang='lat' dir='ltr'><strong>eadem</strong></span> <span class='ocrx_word' id='word_1_320' title='bbox 919 2193 1060 2229; x_wconf 87' lang='lat' dir='ltr'><strong>bonitas</strong></span> <span class='ocrx_word' id='word_1_321' title='bbox 1078 2193 1187 2229; x_wconf 85' lang='lat' dir='ltr'><strong>etiam</strong></span> <span class='ocrx_word' id='word_1_322' title='bbox 1215 2194 1260 2231; x_wconf 88' lang='lat' dir='ltr'><strong>ad</strong></span> 
     </span>
     <span class='ocr_line' id='line_1_40' title="bbox 97 2243 1259 2294; baseline 0.004 -16"><span class='ocrx_word' id='word_1_323' title='bbox 97 2243 361 2281; x_wconf 82' lang='lat' dir='ltr'><strong>multitudinem</strong></span> <span class='ocrx_word' id='word_1_324' title='bbox 389 2246 548 2294; x_wconf 86' lang='lat' dir='ltr'><strong>pertinet.</strong></span> <span class='ocrx_word' id='word_1_325' title='bbox 604 2246 689 2284; x_wconf 91' lang='lat' dir='ltr'><strong>Non</strong></span> <span class='ocrx_word' id='word_1_326' title='bbox 707 2253 761 2284; x_wconf 90' lang='lat' dir='ltr'><strong>est</strong></span> <span class='ocrx_word' id='word_1_327' title='bbox 787 2247 884 2284; x_wconf 89' lang='lat' dir='ltr'><strong>enim</strong></span> <span class='ocrx_word' id='word_1_328' title='bbox 912 2245 1112 2283; x_wconf 87' lang='lat' dir='ltr'><strong>inhumana</strong></span> <span class='ocrx_word' id='word_1_329' title='bbox 1139 2248 1259 2293; x_wconf 84' lang='lat' dir='ltr'><strong>virtus,</strong></span> 
     </span>
     <span class='ocr_line' id='line_1_41' title="bbox 96 2297 1259 2351; baseline 0.004 -20"><span class='ocrx_word' id='word_1_330' title='bbox 96 2307 211 2344; x_wconf 86' lang='lat' dir='ltr'><strong>neque</strong></span> <span class='ocrx_word' id='word_1_331' title='bbox 227 2297 525 2349; x_wconf 89' lang='lat' dir='ltr'><strong>immanis,neque</strong></span> <span class='ocrx_word' id='word_1_332' title='bbox 539 2301 690 2350; x_wconf 87' lang='lat' dir='ltr'><strong>superba</strong></span> <span class='ocrx_word' id='word_1_333' title='bbox 705 2314 713 2338; x_wconf 89' lang='lat'>:</span> <span class='ocrx_word' id='word_1_334' title='bbox 727 2314 808 2351; x_wconf 87' lang='lat' dir='ltr'><strong>quae</strong></span> <span class='ocrx_word' id='word_1_335' title='bbox 825 2300 932 2337; x_wconf 86' lang='lat' dir='ltr'><strong>etiam</strong></span> <span class='ocrx_word' id='word_1_336' title='bbox 949 2301 1101 2350; x_wconf 82' lang='lat' dir='ltr'><strong>populos</strong></span> <span class='ocrx_word' id='word_1_337' title='bbox 1115 2301 1259 2337; x_wconf 87' lang='lat' dir='ltr'><strong>univer-</strong></span> 
     </span>
     <span class='ocr_line' id='line_1_42' title="bbox 94 2352 1262 2404; baseline 0.001 -15"><span class='ocrx_word' id='word_1_338' title='bbox 94 2361 154 2389; x_wconf 74' lang='lat' dir='ltr'><strong>sos</strong></span> <span class='ocrx_word' id='word_1_339' title='bbox 172 2352 272 2399; x_wconf 85' lang='lat' dir='ltr'><strong>tueri,</strong></span> <span class='ocrx_word' id='word_1_340' title='bbox 290 2352 412 2403; x_wconf 87' lang='lat' dir='ltr'><strong>eisque</strong></span> <span class='ocrx_word' id='word_1_341' title='bbox 425 2354 559 2404; x_wconf 84' lang='lat' dir='ltr'><strong>optime</strong></span> <span class='ocrx_word' id='word_1_342' title='bbox 574 2355 760 2394; x_wconf 84' lang='lat' dir='ltr'><strong>consulere</strong></span> <span class='ocrx_word' id='word_1_343' title='bbox 772 2355 904 2394; x_wconf 85' lang='lat' dir='ltr'><strong>soleat:</strong></span> <span class='ocrx_word' id='word_1_344' title='bbox 925 2353 1020 2404; x_wconf 87' lang='lat' dir='ltr'><strong>quod</strong></span> <span class='ocrx_word' id='word_1_345' title='bbox 1038 2365 1109 2391; x_wconf 89' lang='lat' dir='ltr'><strong>non</strong></span> <span class='ocrx_word' id='word_1_346' title='bbox 1130 2352 1262 2391; x_wconf 79' lang='lat' dir='ltr'><strong>faceret</strong></span> 
     </span>
    </p>
   </div>
  </div>
 </body>
</html>
