1496 2671
408 120 701 159 AGRICOLAE
730 121 871 160 VITA.
1178 123 1228 161 21

52 225 364 276 expeditionibus,
392 230 452 264 tot
486 227 635 275 proeliis,
674 240 740 265 seu
784 228 1006 267 fortitudine
1051 230 1229 268 adversus

52 280 191 326 hostes,
225 292 289 318 seu
315 278 498 329 patientia
525 292 568 317 ac
603 280 732 318 labore
768 294 875 331 paene
903 283 1081 321 adversus
1112 284 1231 333 ipsam

51 345 174 371 rerum
201 337 373 371 naturam
405 345 497 383 opus
530 333 614 376 fuit,
644 346 766 382 neque
802 348 861 372 me
898 337 1069 383 militum,
1108 349 1230 386 neque

51 399 116 423 vos
129 387 233 424 ducis
247 386 435 435 poenituit.
465 386 568 435 Ergo
580 388 730 436 egressi,
740 401 811 437 ego
826 393 993 427 veterum
1006 390 1229 439 legatorum,

49 452 115 477 vos
133 440 298 489 priorum
317 440 550 478 exercituum
569 440 760 486 terminos,
782 442 893 479 finem
919 443 1140 490 Britanniae,
1154 456 1231 481 non

48 493 157 538 fama,
186 505 256 530 nec
283 506 443 540 rumore,
473 494 539 531 sed
565 495 695 532 castris
723 500 761 532 et
786 496 896 533 armis
924 501 1108 534 tenemus.
1165 497 1230 534 In·

48 550 160 584 venta
179 545 388 593 Britannia,
410 553 448 586 et
467 548 632 585 subacta.
688 547 874 596 Equidem
889 562 988 599 saepe
1006 550 1046 587 in
1066 550 1229 599 agmine,

47 611 133 636 cum
150 611 217 637 vos
236 601 401 649 paludes,
430 606 623 638 montesve
641 604 680 638 et
697 601 852 639 flumina
871 602 1086 651 fatigarent,
1103 603 1227 642 fortis-

46 652 129 690 simi
148 652 325 703 cujusque
343 667 453 693 voces
480 655 676 691 audiebam
698 667 707 692 τ
739 655 903 700 Quando
918 656 1069 696 dabitur
1096 657 1227 702 hostis,

47 707 199 754 quando
218 707 314 745 acies
332 709 352 746 t>
397 708 567 745 Veniunt
587 721 607 745 e
625 708 778 745 latebris
798 708 873 746 suis
893 710 1056 748 extrusi:
1087 715 1126 748 et
1141 716 1230 748 vota

48 759 239 808 virtusque
265 761 306 798 in
333 767 476 811 aperto,
505 762 701 810 omniaque
729 774 848 811 prona
875 763 1091 808 victoribus,
1117 769 1231 812 atque

47 813 178 850 eadem
193 813 302 852 victis
314 816 480 853 adversa.
529 815 628 852 Nam
643 819 686 852 ut
701 828 893 864 superasse
908 821 1057 855 tantum
1072 817 1230 862 itineris,

46 866 157 903 silvas
176 868 346 913 evasisse,
366 868 543 907 transisse
562 869 746 912 aestuaria,
766 869 964 917 pulchrum
991 882 1035 906 ac
1054 871 1232 917 decorum

47 920 86 956 in
111 919 299 966 frontem3
328 922 383 959 ita
408 921 640 969 fugientibus
666 921 988 970 periculosissima,
1009 935 1091 971 quae
1121 924 1234 960 hodie

46 974 294 1022 prosperrima
305 980 406 1013 sunt.
454 975 587 1023 Neque
602 975 699 1011 enim
716 975 824 1011 nobis
839 981 905 1013 aut
919 976 1086 1014 locorum
1103 977 1233 1014 eadem

45 1027 193 1073 notitia,
214 1033 279 1066 aut
296 1032 544 1066 commeatum
563 1028 693 1065 eadem
714 1029 971 1067 abundantia:
1001 1031 1066 1068 sed
1089 1042 1232 1075 manus,

46 1084 84 1117 et
95 1093 209 1126 arma,
223 1086 261 1119 et
272 1082 312 1119 in
328 1082 384 1119 his
398 1082 536 1119 omnia.
568 1081 680 1126 Quod
696 1083 745 1120 ad
762 1094 821 1119 me
835 1083 982 1129 attinet,
993 1082 1073 1132 jam
1087 1084 1232 1133 pridem

44 1133 135 1170 mihi
162 1134 356 1173 decretum
383 1141 451 1180 est,
480 1148 602 1184 neque
628 1136 823 1182 exercitus,
845 1148 967 1185 neque
993 1137 1099 1174 ducis
1126 1142 1232 1186 terga

44 1190 127 1225 tuta
145 1200 238 1224 esse.
294 1188 460 1225 Proinde
479 1195 517 1226 et
535 1189 692 1227 honesta
706 1202 805 1226 mors
820 1191 922 1239 turpi
937 1190 1014 1228 vita
1027 1191 1173 1239 poti0r;
1195 1196 1233 1229 et

44 1240 283 1278 incolumitas
298 1254 341 1279 ac
353 1242 466 1278 decus
478 1241 611 1278 eodem
624 1242 707 1279 loco
723 1244 794 1280 sita
807 1249 895 1280 sunt
911 1257 918 1280 :
940 1257 1010 1281 nec
1026 1244 1229 1291 inglorium

44 1292 168 1338 fuerit,
188 1294 228 1330 in
247 1295 328 1342 ipso
346 1299 530 1332 terrarum
551 1307 593 1331 ae
612 1300 757 1332 naturae
777 1296 851 1332 fine
871 1296 1086 1334 cecidisse.’'

99 1346 286 1384 XXXIV.
318 1351 341 1368 “
362 1348 402 1385 Si
430 1360 537 1384 novae
565 1353 693 1395 gentes
721 1354 831 1396 atque
858 1349 990 1397 ignota
1016 1351 1113 1388 acies
1140 1363 1230 1387 con-

46 1400 227 1444 stitisset3
271 1401 429 1438 aliorum
466 1402 698 1438 exercituum
726 1403 906 1451 exemplis
934 1416 999 1440 vos
1027 1404 1228 1442 hortarer:

44 1464 144 1491 nunc
162 1458 287 1492 vestra
301 1455 437 1492 decora
452 1460 653 1500 recensete,
671 1460 814 1493 vestros
834 1456 959 1493 oculos
982 1456 1226 1506 interrogate.

45 1506 78 1543 Ii
97 1512 196 1553 sunt,
216 1520 307 1556 quos
326 1508 496 1558 proximo
515 1520 627 1554 auno,
648 1520 760 1546 unam
780 1509 967 1557 legionem
986 1510 1086 1547 furto
1106 1512 1228 1549 noctis

44 1560 250 1609 adgressos,
260 1562 423 1599 clamore
437 1562 652 1599 debellastis
666 1575 674 1599 ε
690 1562 716 1599 ii
731 1566 939 1599 ceterorum
959 1563 1228 1601 Britannorum

43 1614 282 1662 fugacissimi,
303 1615 462 1665 ideoque
481 1616 625 1653 tamdiu
658 1616 887 1664 superstites.
945 1616 1147 1661 Quomodo
1167 1618 1228 1654 sil·

44 1680 107 1705 vas
126 1668 316 1718 saltusque
333 1669 630 1718 penetrantibus,
650 1669 890 1707 fortissimum
907 1670 1079 1718 quodque
1092 1671 1228 1708 animal

43 1726 175 1760 contra
193 1735 312 1768 ruere,
333 1723 469 1771 pavida
487 1727 525 1760 et
542 1722 678 1761 inertia
695 1724 777 1771 ipso
795 1723 954 1771 agminis
973 1736 1066 1760 sono
1084 1724 1229 1773 pellun-

44 1780 130 1819 tur;
153 1775 205 1812 sic
225 1776 394 1813 acerrimi
413 1776 680 1813 Britannorum
703 1775 781 1824 jam
808 1776 953 1825 pridem
983 1777 1200 1816 ceciderunt
1220 1792 1228 1815 :

43 1827 204 1875 reliquus
224 1834 280 1867 est
308 1842 484 1866 numerus
503 1829 725 1878 ignavorum
757 1834 795 1867 et
823 1830 1105 1867 metuentium·
1134 1843 1227 1879 quos

44 1881 144 1928 quod
161 1883 315 1919 tandem
334 1883 542 1928 invenistis,
561 1895 639 1920 non
657 1883 890 1928 restiterunt,
920 1884 986 1920 sed
1005 1883 1228 1933 deprehensi

45 1939 134 1972 sunt
152 1924 369 1973 novisslmi·
396 1949 455 1973 res
484 1941 522 1974 et
549 1940 717 1974 extremo
746 1943 849 1974 metu
877 1949 1034 1985 corpora
1061 1937 1226 1975 defixere

45 1987 84 2024 in
102 1987 159 2024 his
178 1989 358 2037 vestigiis,
373 1990 412 2026 in
431 1990 564 2038 quibus
583 1990 777 2038 pulchram
797 1995 835 2027 et
850 1991 1092 2038 spectabilem
1107 1991 1226 2029 victo—

44 2041 138 2078 riam
155 2042 327 2080 ederetis.
364 2043 578 2092 Transigite
597 2056 682 2080 cum
701 2043 1017 2092 expeditionibus,
1044 2044 1228 2094 imponite

45 2095 310 2144 quinquaginta
328 2096 435 2133 annis
450 2109 627 2146 magnum
650 2097 771 2140 diem;
789 2097 995 2146 adprobate
1014 2098 1227 2147 reipublicae

46 2161 236 2197 nunquam
264 2150 445 2188 exercitui
471 2150 648 2200 imputari
675 2151 855 2200 potuisse,
883 2156 949 2189 aut
976 2163 1099 2189 moras
1127 2152 1229 2198 belli,

50 2206 118 2240 aut
137 2215 265 2239 causas
279 2202 523 2240 rebdlandiss'

99 2255 262 2293 XXXV.
318 2256 370 2294 Et
415 2257 640 2304 adloquente
685 2257 808 2295 adhuc
837 2258 1027 2307 Agricola,
1066 2257 1227 2295 militum

45 2309 157 2346 ardor
175 2309 376 2355 eminebat,
403 2315 442 2348 et
460 2311 574 2347 finem
593 2311 771 2349 orationis
790 2311 923 2359 ingens
950 2311 1122 2349 alacritas
1140 2322 1228 2347 con-

47 2367 173 2402 secuta
201 2368 270 2411 est,
300 2363 503 2411 statimque
531 2363 579 2401 ad
607 2376 710 2402 arma
737 2365 961 2403 discursum.
1017 2364 1225 2403 Instinctos
