1496 2671
252 162 300 198 10
544 161 736 209 QUlNTI
765 162 954 202 CURTII
982 163 1112 204 RUFI

250 271 362 317 locus,
379 275 417 309 et
436 271 614 309 exercitui
627 277 852 310 commeatus
870 273 1129 322 suppetebant.
1184 273 1281 323 Ergo
1299 273 1414 314 Alex-

250 324 367 361 andro
386 325 425 361 in
444 325 523 362 acie
541 325 645 363 miles
663 338 738 363 non
756 326 888 364 defuit.
945 326 1083 365 Darius
1099 332 1227 366 tantae
1244 328 1413 368 multitu-

248 379 346 415 dinis
365 391 442 423 rex,
459 378 530 416 loci
547 379 586 416 in
606 393 680 429 quo
698 380 881 430 pugnavit
899 381 1080 428 angustiis
1098 381 1270 421 redactus
1289 387 1346 422 est
1365 384 1412 421 ad

247 432 482 480 paucitatem,
499 446 609 482 quam
623 434 661 470 in
680 434 785 471 hoste
804 439 1086 483 contempserat.

300 485 370 522 IX.
399 486 435 523 4.
466 486 614 524 Interea
641 488 868 532 Alexander,
897 488 1139 526 Abistamene
1153 489 1410 540 Cappadociae

246 540 467 589 praeposito,
490 539 658 578 Ciliciam
677 548 808 590 petens
827 553 911 578 cum
924 542 1094 580 omnibus
1113 544 1237 593 copiis,
1258 545 1407 594 region-

243 605 301 630 em
330 607 425 643 quae
445 595 576 633 Castra
596 595 686 645 Cyri
705 595 913 644 appellatur
931 600 1150 644 pervenerat
1169 611 1178 635 :
1207 599 1343 637 stativa
1355 599 1407 637 ibi

243 646 425 686 habuerat
446 649 578 698 Cyrus,
610 661 724 698 quum
751 649 945 686 adversum
976 649 1154 687 Croesum
1179 651 1217 688 in
1247 652 1407 702 Lydiam

240 702 405 740 duceret.
462 704 604 740 Aberat
632 716 674 740 ea
701 703 804 751 regio
840 703 1112 752 quinquaginta
1146 705 1266 743 stadia
1301 707 1405 745 aditu

240 768 316 805 quo
343 755 513 794 Ciliciam
541 758 751 800 intramus3
784 755 897 807 Pylas
924 757 1068 794 incolae
1085 758 1227 805 dicunt,
1248 761 1406 799 arctissi-

240 822 317 846 mas
348 809 483 856 fauces,
504 811 734 848 munimenta
761 822 856 860 quae
891 822 1004 848 manu
1039 811 1212 860 ponimus
1246 815 1407 853 naturali

238 864 312 901 situ
331 864 512 902 imitante.
570 864 692 913 Igitur
710 865 884 910 Arsanes,
906 864 970 913 qui
991 863 1140 903 Ciliciae
1154 873 1334 916 praeerat,
1346 881 1406 906 re-

238 922 374 966 putans
409 918 500 967 quid
528 918 635 956 initio
673 918 760 955 belli
790 918 969 955 Memnon
996 919 1181 965 suasisset,
1215 922 1403 970 quondam

237 971 384 1008 salubre
420 971 613 1009 consilium
651 985 734 1010 sero
762 972 914 1020 exsequi
941 973 1096 1010 statuit:
1126 973 1206 1022 igni
1233 975 1405 1025 ferroque

237 1025 405 1062 Ciliciam
433 1031 566 1071 vastat,
595 1034 638 1064 ut
674 1026 771 1064 hosti
799 1025 1036 1063 solitudinem
1064 1026 1204 1074 faciat3
1229 1028 1405 1078 quicquid

236 1079 319 1115 usui
347 1092 426 1117 esse
457 1084 593 1128 potest,
624 1079 852 1129 corrumpit;
883 1080 1008 1118 sterile
1034 1093 1077 1117 ac
1103 1081 1246 1119 nudum
1273 1083 1403 1128 solum,

233 1133 336 1182 quod
363 1133 460 1171 tueri
481 1135 669 1183 nequibat,
691 1133 899 1172 relicturus.
956 1134 1031 1171 Sed
1048 1134 1161 1183 longe
1179 1135 1307 1174 utilius
1333 1136 1405 1174 fuit

234 1187 425 1236 angustias
446 1187 584 1229 ,aditus
617 1188 681 1237 qui
710 1187 876 1224 Ciliciam
905 1188 1024 1236 aperit
1060 1188 1184 1226 valido
1224 1200 1404 1240 occupare

232 1241 427 1289 praesidio,
451 1240 661 1291 jugumque
688 1247 897 1290 opportune
923 1241 1049 1279 itineri
1067 1241 1263 1280 imminens
1280 1244 1404 1282 obtin·

230 1307 303 1340 ere,
325 1295 426 1332 unde
445 1295 586 1333 inultus
599 1297 819 1332 subeuntem
832 1300 897 1333 aut
910 1295 1104 1344 prohibere
1119 1301 1184 1334 aut
1196 1297 1404 1347 opprimere

231 1349 374 1386 hostem
394 1349 587 1398 potuisset.
627 1349 745 1394 Tunc,
766 1349 891 1398 paucis
904 1349 967 1398 qui
982 1349 1137 1386 callibus
1148 1350 1403 1399 praesiderent

230 1403 378 1447 relictis,
417 1409 518 1440 retro
544 1403 623 1452 ipse
651 1402 841 1446 concessit,
871 1403 1069 1452 populator
1094 1408 1217 1441 terrae
1242 1417 1352 1454 quam
1381 1419 1403 1442 a

229 1457 530 1506 populationibus
558 1456 746 1494 vindicare
778 1456 972 1493 debuerat.
1046 1456 1149 1505 Ergo
1185 1457 1249 1507 qui
1284 1458 1403 1498 relicti

228 1515 346 1556 erant,
366 1511 534 1560 proditos
549 1524 588 1548 se
600 1511 682 1556 rati,
698 1523 745 1547 ne
757 1516 996 1559 conspectum
1016 1510 1164 1560 quidem
1184 1511 1300 1550 hostis
1318 1526 1398 1550 sus-

227 1565 346 1602 tinere
359 1564 566 1609 valuerunt,
576 1577 660 1601 cum
678 1564 736 1601 vel
755 1564 946 1613 pauciores
961 1564 1082 1601 locum
1102 1564 1272 1603 obt-inere
1289 1572 1399 1616 potu-

228 1620 357 1656 issent.
413 1618 586 1668 Namque
612 1623 793 1668 perpetuo
814 1618 911 1667 jugo
930 1618 1067 1655 montis
1094 1619 1214 1668 asperi
1233 1632 1276 1657 ac
1293 1633 1400 1670 prae-

228 1672 329 1720 rupti
359 1672 488 1709 Cilicia
522 1672 755 1716 includitur;
795 1671 895 1720 quod
932 1684 1045 1720 quum
1081 1684 1103 1708 a
1138 1673 1230 1709 mari
1259 1679 1399 1723 surgat,

229 1727 345 1763 veluti
374 1726 458 1763 sinu
487 1726 646 1775 quodam
683 1726 857 1774 flexuque
884 1730 1088 1770 curvatum,
1126 1737 1253 1763 rursus
1281 1727 1399 1765 altero

229 1792 345 1816 cornu
364 1779 404 1816 in
423 1780 609 1816 diversum
622 1780 728 1817 littus
747 1779 921 1816 excurrit.
978 1778 1050 1815 Per
1063 1779 1133 1816 hoc
1148 1779 1312 1826 dorsum,
1327 1794 1400 1831 qua

228 1834 387 1871 maxime
405 1833 606 1871 introrsum
635 1834 727 1870 mari
755 1833 865 1877 cedit,
886 1832 1005 1881 asperi
1025 1839 1099 1870 tres
1118 1833 1242 1870 aditus
1261 1839 1298 1871 et
1317 1846 1400 1884 per-

229 1888 379 1936 angusti
398 1892 485 1925 sunt
505 1901 513 1931 ;
545 1900 701 1936 quorum
720 1899 795 1924 uno
816 1886 945 1923 Cilicia
963 1886 1139 1924 intranda
1166 1892 1232 1925 est.
1291 1888 1400 1926 Cam·

224 1942 356 1990 pestris
376 1941 504 1978 eadem
525 1954 597 1990 qua
616 1941 737 1990 vergit
755 1940 803 1978 ad
821 1952 931 1986 mare,
953 1940 1144 1988 planitiem
1163 1939 1242 1989 ejus
1260 1942 1397 1979 crebris

226 1995 543 2044 distinguentibus
563 1995 670 2033 rivis:
695 1994 875 2045 Pyramus
893 1998 930 2032 et
947 1993 1102 2043 Cydnus
1119 1993 1252 2044 inclyti
1271 2007 1398 2033 amnes

228 2049 362 2087 fluunt.

282 2103 331 2139 X.
364 2102 522 2153 Cydnus
541 2116 616 2140 non
636 2101 755 2151 spatio
775 2113 953 2150 aquarum
972 2101 1037 2138 sed
1056 2101 1199 2150 liquore
1216 2115 1397 2140 memora-

230 2157 340 2200 bilis;
371 2157 506 2206 quippe
534 2157 608 2194 leni
637 2160 759 2194 tractu
787 2168 808 2192 e
833 2154 998 2191 fontibus
1025 2155 1164 2201 labens,
1195 2168 1289 2206 puro
1316 2157 1395 2194 solo

229 2211 423 2260 excipitur,
445 2223 513 2247 nec
533 2215 715 2248 torrentes
742 2209 940 2246 incurrunt
958 2208 1022 2257 qui
1040 2209 1184 2257 placide
1210 2211 1394 2248 manantis

229 2265 374 2302 alveum
393 2265 557 2302 turbent.
615 2264 746 2312 ltaque
764 2263 1011 2311 incorruptus,
1030 2262 1204 2312 idemque
1229 2263 1390 2312 frigidis·

229 2319 341 2356 simus
373 2318 510 2367 quippe
542 2317 661 2354 multa
696 2317 857 2365 riparum
895 2316 1119 2354 amoenitate
1150 2316 1392 2362 inumbratus,

229 2373 366 2422 ubique
390 2371 556 2409 fontibus
583 2371 657 2408 suis
676 2369 803 2407 similis
830 2369 868 2405 in
896 2381 998 2406 mare
1025 2369 1160 2408 evadit.
1215 2369 1337 2407 Multa
1354 2369 1394 2406 in

230 2440 271 2463 ea
298 2425 450 2476 regione
470 2428 710 2462 monumenta
728 2423 880 2472 vulgata
909 2423 1132 2460 carminibus
1149 2427 1314 2462 vetustas
1332 2434 1395 2460 ex-
