1496 2671
335 217 409 254 DE
439 214 619 252 BELLO
648 212 899 253 GALLICO
927 214 1031 251 LIB.
1060 214 1118 251 ΙΙ.
1269 216 1315 251 ss

182 323 326 363 XXII.
356 323 554 360 Instructo
573 321 759 366 exercitu,
789 322 914 370 magis
933 327 976 358 ut
1003 321 1076 359 loci
1096 326 1234 358 natura
1253 321 1320 358 de·

118 379 329 428 jectusque
360 377 468 414 collis
501 382 540 412 et
576 375 784 412 necessitas
821 375 1018 422 temporis,
1055 388 1171 424 quam
1200 380 1244 411 ut
1261 375 1319 411 rei

131 431 308 469 militaris
333 430 433 467 ratio
465 436 580 477 atque
612 428 705 465 ordo
738 428 968 476 postulabat,
997 441 1121 477 quum
1150 428 1320 465 diversis

129 485 224 522 locis
251 483 433 533 legiones,
461 483 545 519 aliae
565 479 642 520 alifi,
671 482 713 518 in
743 487 864 530 parte,
887 482 1062 519 'nostibus
1081 482 1320 526 resisterent,

126 537 360 586 sepibusque
379 536 628 580 densissimis,
648 541 692 572 ut
710 541 800 572 ante
819 535 1178 579 demonstravimus,
1198 535 1322 572 inter-

116 590 237 639 jectis
273 596 498 640 prospectus
529 589 797 638 impediretur:
844 601 969 637 neque
998 595 1105 626 certa
1150 588 1323 626 subsidia

120 644 316 690 collocari,
336 656 461 693 neque
489 643 582 692 quid
614 643 655 679 in
683 640 838 690 queque
870 648 980 690 parte
999 654 1095 690 opus
1111 647 1213 679 esset
1231 655 1321 691 pro-

126 697 263 742 videri,
283 710 408 745 neque
433 699 481 734 ab
501 709 578 733 uno
606 696 734 733 omnia
751 696 915 744 imperia
931 695 1192 732 administrari
1212 701 1321 744 pote·

123 756 226 788 rant.
273 750 410 799 Itaque
423 751 463 787 111
483 752 592 787 tanta
611 762 740 787 rerum
759 749 965 798 iniquitate
982 748 1147 786 fortunae
1168 762 1321 798 quoque

122 810 289 842 eventus
308 805 406 841 varii
427 805 697 853 sequebantur.

180 857 348 894 XXIII.
379 857 562 906 Legionis
575 867 685 894 nonae
702 861 740 893 et
752 856 908 893 decima}
927 855 1084 901 milites,
1100 861 1143 892 ut
1163 855 1321 892 sinistra

125 916 236 960 parte
255 911 336 948 acie
363 911 626 954 constiterant,
657 910 746 958 pilis
774 910 934 954 emissis,
964 921 1079 946 cursu
1100 922 1144 946 ae
1162 909 1320 946 lassitu-

123 965 217 1002 dine
257 965 500 1002 exanimatos
530 963 833 1012 vulneribusque
864 963 1060 1000 confectos
1097 961 1318 1007 Atrebates,

126 1030 216 1055 nam
234 1018 295 1055 his
314 1030 359 1055 ea
387 1030 474 1066 pars
503 1019 724 1060 obvenerat,
744 1016 921 1054 celeriter
941 1029 990 1053 ex
1019 1016 1101 1053 1000
1122 1016 1320 1064 superiore

125 1071 168 1108 in
187 1071 331 1108 flumen
360 1071 641 1120 compulerunt,
671 1076 711 1107 et
741 1070 906 1107 transire
939 1075 1122 1107 conantes
1154 1070 1319 1107 insecuti

123 1124 265 1172 gladiis
284 1137 463 1173 magnam
476 1130 624 1172 partem
635 1136 769 1161 eorum
784 1122 1007 1172 impeditam
1028 1123 1318 1161 interfecerunt.

125 1178 209 1226 Ipsi
228 1178 393 1215 transire
420 1178 564 1214 flumen
598 1190 674 1214 non
710 1177 1000 1222 dubitaverunt,
1037 1183 1078 1214 et
1113 1177 1155 1213 in
1192 1176 1317 1214 locum

124 1231 303 1280 iniquum
323 1231 529 1279 progressi,
548 1243 682 1267 rursus
701 1242 895 1279 regressos
925 1243 968 1267 ae
987 1231 1211 1268 resistentes
1230 1231 1319 1267 hos-

124 1292 184 1322 tes
211 1284 473 1333 redintegrato
492 1284 627 1333 proelio
646 1284 686 1320 in
715 1283 848 1332 fugam
867 1284 1070 1321 dederunt.
1124 1284 1224 1321 Item
1245 1282 1319 1321 alia

124 1339 168 1375 in
197 1344 306 1386 parte
338 1339 501 1375 diversae
535 1338 619 1374 duae
656 1337 840 1386 legiones,
873 1337 1076 1374 undecima
1105 1344 1143 1374 et
1172 1343 1322 1383 octava,

126 1391 342 1440 profligatis
372 1391 669 1435 Veromanduis,
700 1391 934 1438 quibuscum
963 1396 1074 1428 erant
1110 1391 1322 1440 congressi,

123 1458 178 1482 ex
196 1445 279 1481 1000
299 1445 555 1492 superiorein
583 1444 677 1493 ipsis
705 1444 877 1482 fluminis
904 1444 1000 1493 ripis
1028 1445 1319 1492 proeliabantur.

128 1498 186 1535 At
204 1504 287 1534 tum
307 1498 399 1535 totis
418 1498 499 1535 fere
519 1511 541 1535 a
568 1497 696 1534 fronte
723 1503 763 1535 et
791 1499 838 1534 ab
860 1495 1017 1535 sinistra
1036 1505 1145 1547 parte
1165 1498 1320 1536 nudatis

124 1552 276 1594 eastris,
295 1564 414 1600 quum
435 1551 475 1587 in
505 1552 643 1589 dextro
674 1563 796 1588 eornu
816 1551 918 1600 legio
937 1552 1162 1589 duodecima
1182 1559 1220 1589 et
1243 1565 1320 1589 non

127 1617 268 1654 magno
298 1606 348 1642 ab
384 1609 431 1642 ea
462 1605 668 1642 intervallo
708 1604 872 1654 septima
902 1605 1151 1651 constitisset,
1189 1618 1322 1642 omnes

128 1658 269 1696 Nervii
306 1657 587 1696 confertissimo
623 1659 790 1707 agmine,
827 1659 924 1696 duce
957 1656 1222 1708 Boduognato,
1253 1660 1321 1707 qui

124 1724 314 1750 summam
335 1712 487 1761 imperii
506 1712 673 1756 tenebat,
695 1712 742 1749 ad
769 1724 857 1748 eum
877 1712 1001 1750 10011111
1022 1713 1320 1750 contenderunt:

124 1778 290 1814 quorum
307 1777 395 1813 pars
415 1772 548 1813 aperto
566 1765 686 1802 latere
719 1765 889 1814 legiones
918 1766 1212 1811 circumvenire,
1232 1779 1321 1815 pars

125 1831 317 1856 summum
336 1819 461 1856 locum
489 1824 701 1856 castrorum
721 1825 852 1868 petere
871 1819 1002 1868 coepit.

182 1871 343 1909 XXIV.
377 1872 521 1909 Eodem
540 1878 714 1921 tempore
743 1873 892 1920 equites
921 1872 1043 1909 nostri
1066 1872 1241 1920 levisque
1260 1885 1320 1910 ar-

128 1931 287 1962 maturae
307 1925 468 1974 pedites,
496 1927 563 1974 qui
596 1938 684 1963 eum
718 1925 766 1962 iis
797 1938 873 1962 una
892 1925 1058 1970 fuerant,
1080 1938 1176 1974 quos
1195 1926 1320 1974 primo

129 1979 297 2015 hostium
327 1979 474 2027 impetu
504 1979 634 2027 pulsos
665 1979 856 2024 dixeram,
890 1991 1011 2027 quum
1043 1990 1084 2016 se
1116 1980 1157 2015 in
1195 1987 1321 2017 castra

128 2032 356 2080 reciperent,
390 2033 563 2070 adversis
599 2033 775 2070 hostibus
813 2034 1077 2076 occurrebant,
1105 2045 1149 2070 ae
1186 2046 1321 2071 rursus

127 2085 244 2122 aliam
275 2085 316 2120 in
349 2091 497 2133 partem
530 2085 660 2135 fugam
694 2087 892 2134 petebant:
921 2093 959 2123 et
989 2086 1152 2131 calones,
1185 2087 1251 2136 qui
1272 2089 1320 2124 ab

129 2136 341 2175 decumana
359 2137 470 2186 port-51
502 2151 546 2176 ae
575 2152 722 2176 summo
735 2139 832 2188 jugo
857 2140 965 2178 collis
984 2145 1134 2177 nostros
1153 2141 1321 2179 victores

128 2192 273 2228 flumen
287 2192 469 2228 transisse
496 2199 790 2241 conspexerant,
812 2193 1008 2241 praedandi
1028 2196 1143 2230 causti
1163 2195 1320 2243 egressi,

128 2257 250 2293 quum
268 2245 528 2293 respexissent
548 2252 587 2282 et
618 2246 748 2283 hostes
775 2247 818 2283 111
846 2247 988 2284 nostris
1016 2248 1153 2285 castris
1173 2249 1320 2285 versari

128 2298 328 2342 vidissent,
367 2298 582 2346 praecipites
619 2299 721 2348 fugas
758 2312 840 2337 sese
878 2300 1121 2337 mandabant.
1197 2301 1322 2339 Simul

128 2363 274 2396 eorum,
306 2351 374 2399 qui
407 2363 495 2388 cum
522 2352 808 2400 impedimentis
840 2355 1060 2397 veniebant,
1081 2355 1224 2391 clamor
1243 2354 1318 2391 fre·

128 2405 323 2452 mitusque
352 2404 559 2450 oriebatur,
590 2405 733 2454 aliique
761 2407 874 2444 aliam
894 2408 935 2443 in
952 2415 1102 2456 partem
1122 2407 1321 2456 perterriti

128 2457 366 2494 ferebantur.
425 2456 576 2502 Quibus
613 2459 790 2497 omnibus
823 2461 939 2497 rebus
976 2461 1138 2508 permoti
1173 2461 1321 2509 equites

712 2523 740 2548 1)
