1496 2671
433 153 728 193 AGRICOLAE
760 155 902 193 VITA.
1214 159 1263 197 Π

85 266 195 304 batur
213 264 365 314 egregia
383 261 516 311 specie,
532 273 617 298 cum
637 261 749 298 simul
767 266 882 309 terra,
900 263 1009 300 simul
1021 264 1116 302 mari
1129 264 1269 302 bellum

84 317 347 368 impelleretur,
369 328 412 353 ao
431 327 530 364 saepe
548 314 680 352 iisdem
704 316 835 353 castris
862 317 988 366 pedes,
1010 329 1208 367 equesque,
1229 322 1269 356 et

84 370 254 410 nauticus
273 369 391 413 miles,
409 368 519 406 mixti
538 368 654 417 copiis
673 372 711 406 et
729 368 871 414 laetitia,
893 382 960 407 sua
978 371 1136 420 quisque
1155 371 1266 415 facta,

84 437 170 462 suos
187 435 294 461 casus
313 422 530 461 attollerent
551 435 559 459 :
590 434 632 459 ac
650 422 763 458 modo
780 426 804 443 “
818 423 995 461 silvarum
1014 429 1052 462 et
1079 424 1264 463 montium

84 475 302 527 profunda,”
320 476 434 513 modo
464 478 767 524 “tempestatum
795 489 837 513 ac
864 477 1045 515 fluctuum
1074 477 1266 523 adversa,'’

83 531 170 568 hinc
191 533 215 551 “
227 534 328 568 terra
354 534 392 567 et
410 528 565 574 hostis,”
582 529 671 566 hine
700 531 724 578 ‘f
743 535 874 567 auctus
896 530 1093 568 Oceanus''
1112 531 1267 581 militari

76 583 261 631 jactantia
288 587 607 632 compararentur.
665 585 689 603 “
705 581 931 621 Britannos”
967 596 1126 633 quoque,
1148 589 1191 623 ut
1219 597 1265 622 ex

83 637 240 687 captivis
267 637 501 681 audiebatur,
526 639 550 656 “
569 636 648 673 visa
666 635 791 673 classis
811 637 1144 686 obstupefaciebat,
1181 642 1266 677 tan-

83 702 204 739 quam,
235 695 364 739 aperto
393 689 505 727 maris
533 689 590 726 sui
618 694 773 735 secreto,
802 690 975 728 ultimum
1005 691 1114 729 victis
1139 691 1266 741 perfu-

81 744 185 793 gium
205 742 479 781 clauderetur?
503 743 568 780 Ad
587 755 719 780 manus
739 748 777 781 et
795 755 900 781 arma
918 745 1087 782 conversi
1107 745 1267 783 Caledo-

82 799 184 836 niam
197 797 405 835 incolentes
423 796 564 846 populi,
586 801 717 846 paratu
739 809 889 845 magno,
919 797 1059 847 majore
1078 798 1188 844 fama,
1210 799 1267 836 uti

85 864 163 889 mos
178 855 235 889 est
254 851 302 888 de
318 850 471 900 ignotis,
495 853 518 871 “
535 862 772 899 oppugnasse
792 849 931 896 ultro,’'
949 851 1102 888 castella
1129 851 1265 896 adorti,

83 908 290 950 metum,ut
308 907 567 953 provocantes,
588 904 814 942 addiderant
830 918 838 942 :
861 907 885 925 ‘⁶
900 905 1269 954 regrediendumque

84 959 178 996 eitra
197 958 430 1003 Bodotriam,
455 962 494 996 et
512 957 772 995 excedendum
799 957 925 1007 potius
944 970 1054 1006 quam
1083 959 1268 1008 pelleren-

82 1010 178 1056 tur-,²³
205 1011 333 1060 ignavi
360 1011 482 1060 specie
509 1011 753 1060 prudentium
783 1011 1066 1050 admonebant:
1097 1024 1182 1049 cum
1210 1012 1269 1049 in-

83 1065 193 1102 terim
212 1065 411 1113 cognoscit,
427 1068 451 1085 “
464 1064 592 1102 hostes
605 1064 773 1114 pluribus
788 1065 993 1113 agminibus
1011 1064 1270 1115 inrupturOS.''

82 1119 140 1155 Ac
154 1131 202 1156 ne
221 1123 422 1167 superante
434 1131 600 1164 numero,
615 1123 654 1156 et
667 1118 802 1167 peritia
815 1119 982 1155 locorum
996 1119 1268 1164 circumiretur,

82 1172 202 1208 diviso
222 1176 260 1209 et
278 1172 358 1221 ipse
376 1172 416 1208 in
435 1176 512 1209 tres
531 1177 652 1221 partes
673 1172 838 1210 exercitu
857 1172 1022 1210 incessit.

135 1225 280 1262 XXVI.
313 1225 428 1270 Quod
464 1225 530 1261 ubi
567 1225 762 1274 cognitum
797 1225 909 1271 hosti,
938 1230 1086 1264 mutato
1113 1231 1269 1276 repente

83 1279 249 1324 consilio,
263 1278 426 1315 universi
439 1291 579 1315 nonam
597 1278 801 1327 legionem,
818 1284 862 1316 ut
877 1279 1037 1317 maxime
1051 1280 1267 1324 invalidam,

82 1337 194 1370 noete
230 1331 409 1380 adgressi,
439 1332 539 1370 inter
567 1344 738 1368 somnum
765 1344 808 1369 ac
835 1333 1126 1381 trepidationem
1164 1334 1269 1371 caesis

83 1386 268 1435 vigilibus,
288 1385 480 1434 inrupere.
534 1383 692 1434 Jamque
706 1386 746 1422 in
765 1385 855 1434 ipsis
875 1386 1005 1424 castris
1032 1388 1269 1436 pugnabant,

81 1452 165 1477 cum
181 1439 370 1488 Agricola,
386 1439 459 1476 iter
477 1438 640 1476 hostium
661 1439 709 1476 ab
728 1439 1026 1488 exploratoribus
1046 1441 1215 1486 edoctus,
1231 1447 1268 1478 et

84 1493 251 1541 vestigiis
269 1493 473 1537 insecutus,
487 1492 738 1529 velocissimos
758 1492 922 1541 equitum
943 1493 1186 1543 peditumque
1202 1494 1268 1531 ad·

83 1547 220 1584 sultare
239 1546 357 1595 tergis
371 1546 622 1595 pugnantium
637 1546 762 1595 jubet,
782 1558 872 1583 mox
890 1546 938 1583 ab
952 1547 1136 1585 universis
1155 1547 1268 1596 adjici

82 1600 282 1637 clamorem
299 1613 308 1637 ε
338 1604 376 1638 et
395 1599 605 1649 propinqua
623 1600 708 1636 luce
726 1599 862 1637 fulsere
881 1600 988 1648 signa
1005 1613 1013 1637 :
1044 1600 1098 1638 ita
1117 1601 1271 1651 ancipiti

82 1653 179 1691 malo
216 1653 339 1692 territi
359 1653 554 1691 Britanni:
595 1657 634 1691 et
666 1653 849 1690 Romanis
885 1653 985 1691 redit
1018 1654 1164 1692 animus
1185 1668 1193 1699 ;
1224 1667 1267 1692 ac

82 1707 202 1745 securi
222 1720 289 1757 pro
308 1707 438 1753 salute,
460 1707 508 1744 de
534 1706 656 1756 gloria
671 1708 867 1745 certabant
889 1721 896 1744 :
927 1707 1028 1745 ultro
1048 1708 1138 1756 quin
1158 1708 1270 1746 etiam

83 1773 259 1810 erupere:
291 1765 329 1798 et
341 1761 413 1798 fuit
432 1764 541 1798 atrox
568 1761 608 1798 in
626 1760 717 1810 ipsis
744 1766 936 1810 portarum
958 1761 1142 1810 angustiis
1170 1774 1268 1811 proe-

81 1815 183 1860 lium,
205 1815 326 1852 donec
344 1814 443 1864 pulsi
462 1814 588 1852 hostes
605 1828 612 1851 :
636 1819 797 1863 utroque
812 1814 980 1852 exercitu
1000 1819 1181 1862 certante,
1198 1816 1269 1860 his,

83 1873 125 1905 ut
143 1867 272 1905 tulisse
290 1880 410 1918 opem,
424 1867 508 1913 illis,
523 1880 571 1905 ne
590 1868 735 1917 eguisse
750 1868 888 1905 auxilio
903 1868 1122 1906 viderentur
1138 1882 1146 1906 :
1169 1870 1270 1917 quod

83 1921 153 1958 nisi
171 1921 326 1970 paludes
353 1926 391 1959 et
405 1921 507 1959 silvae
527 1921 715 1971 fugientes
734 1922 927 1968 texissent,
949 1921 1178 1960 debellatum
1209 1923 1272 1961 illa

85 1974 239 2012 victoria
255 1975 363 2014 foret.

139 2027 303 2065 XXVII.
335 2028 450 2078 Cujus
487 2028 700 2067 constantia
732 2041 774 2066 ac
811 2029 909 2067 fama
936 2029 1041 2067 ferox
1069 2030 1265 2075 exercitus,

85 2085 109 2101 ‘⁴'
125 2081 218 2118 nihil
248 2082 378 2120 virtuti
405 2094 480 2120 suae
507 2082 675 2120 invium:
706 2083 977 2132 penetrandam
1009 2083 1266 2129 Caledoniam,

84 2135 420 2184 inveniendumque
433 2136 588 2173 tandem
616 2136 823 2175 Britanniae
843 2137 1057 2181 terminum,
1088 2138 1268 2175 continuo

84 2188 297 2236 proeliorum
327 2188 477 2235 cursu,”
498 2189 708 2228 fremebant
729 2204 736 2227 :
768 2195 880 2238 atque
897 2190 952 2227 illi
974 2190 1085 2228 modo
1104 2191 1203 2228 cauti
1225 2204 1266 2228 ae

86 2242 282 2291 sapientes,
310 2242 476 2292 prompti
502 2247 587 2292 post
614 2248 789 2282 eventum
818 2256 860 2281 ac
879 2244 1109 2293 magniloqui
1136 2249 1266 2284 erant:

85 2296 316 2344 iniquissima
333 2298 413 2333 haeo
431 2296 615 2333 bellorum
643 2297 810 2336 conditio
831 2301 912 2336 est:
942 2310 1120 2348 prospera
1138 2310 1267 2334 omnes

84 2349 154 2386 sibi
171 2349 376 2395 vindicant,
396 2349 553 2387 adversa
563 2350 630 2386 uni
642 2350 890 2400 imputantur.
920 2352 975 2390 At
995 2350 1170 2389 Britanni
1189 2363 1266 2388 non

85 2402 236 2449 virtute,
258 2404 322 2441 sed
342 2404 537 2442 occasione
549 2407 588 2442 et
606 2409 686 2441 arte
705 2405 809 2443 ducis
823 2405 906 2451 rati,
923 2405 1014 2442 nihil
1027 2417 1072 2442 ex
1085 2416 1265 2454 arrogan-
