1496 2671
476 138 640 176 LIBER
669 139 782 183 QUA
793 138 943 176 RTUS.
1251 139 1301 179 73

125 250 248 297 inquit,
278 251 288 271 ί
309 246 433 283 videtis
453 246 548 291 istos,
570 247 630 294 qui
651 246 811 283 ferociter
831 246 938 283 modo
958 246 1150 290 instabant,
1170 245 1300 294 pedem

121 303 263 347 referre,
281 301 396 338 subito
423 311 558 348 pavore
577 300 775 349 perterritos
794 301 812 336 ?
867 300 1051 337 Nimirum
1080 299 1183 336 nobis
1212 313 1302 348 quo-

121 368 191 404 que
228 355 317 403 regis
350 353 456 390 nostri
486 353 627 391 fortuna
662 354 780 400 vicit3
808 354 931 389 omnia
968 353 1161 390 Persarum
1189 353 1303 391 caede

119 415 226 446 strata
253 412 349 445 sunt.
407 406 504 451 Quid
542 407 691 443 cessatis
710 407 730 444 ἶ)
759 418 806 454 an
835 418 880 442 ne
909 405 1128 455 fugientibus
1154 407 1301 455 quidem

120 473 223 510 pares
240 461 323 498 estis
339 458 367 498 'l’
429 459 520 497 vera
547 459 668 496 dicere
695 459 895 502 videbatur,
923 467 958 496 et
984 472 1067 509 spes
1093 460 1302 508 languentes

122 526 268 563 quoque
285 520 473 551 erexerat:
500 513 650 551 subditis
668 513 871 550 calcaribus
889 525 1059 561 proruere
1079 514 1113 549 in
1134 512 1296 557 hostem:

120 574 157 604 et
177 568 223 604 illi
238 567 318 616 jam
339 580 412 604 non
432 569 582 612 sensim,
602 567 665 605 sed
684 568 792 604 citato
819 566 930 615 gradu
958 566 1174 603 recedebant
1191 581 1201 614 ;
1229 580 1300 605 nec

116 619 313 670 quidquam
326 620 445 670 fugae,
461 623 527 658 nisi
547 620 642 670 quod
663 627 760 669 terga
773 620 935 657 nondum
953 626 1144 665 verterant,
1163 620 1300 658 deerat.

117 674 313 712 Parmenio
340 680 464 711 tamen
493 677 647 724 ignarus,
676 686 859 725 quaenam
888 675 924 710 in
942 673 1069 712 dextro
1096 685 1210 712 cornu
1229 674 1299 712 sor-

117 736 204 766 tuna
231 729 322 777 regis
349 735 455 773 esset,
490 729 656 778 repressit
687 740 801 775 suos;
838 727 1033 773 Mazaeus,
1069 726 1154 764 dato
1191 727 1296 777 fugae

117 782 245 833 spatio,
264 795 337 819 non
357 788 454 820 recto
484 783 618 828 itinere,
650 781 714 818 sed
742 781 879 830 majore
907 787 944 817 et
955 782 1008 817 ·ob
1027 779 1063 817 id
1081 781 1208 818 tutiore
1227 783 1294 819 cir-

113 835 251 873 cumitu
271 836 393 884 Tigrin
421 845 580 886 superat,
607 841 642 872 et
677 835 863 883 Babylona
884 847 970 871 cum
988 834 1144 883 reliquiis
1161 834 1293 872 devicti

110 889 294 928 exercitus
311 890 428 928 intrat.

162 941 265 980 LXI.
296 942 428 980 Darius
451 944 578 992 paucis
607 942 710 991 fugae
738 941 932 979 comitibus
963 941 1009 978 ad
1037 940 1182 991 Lycum
1212 955 1290 980 arn-

110 1008 196 1034 nem
241 997 487 1041 contenderat,
532 1008 603 1044 quo
639 995 803 1044 trajecto,
840 994 1016 1032 dubitavit
1051 1008 1099 1032 an
1136 997 1290 1034 solveret

110 1056 270 1099 pontem,
308 1051 441 1100 quippe
475 1050 615 1086 bostem
647 1049 726 1098 jam
755 1048 878 1086 adfore
906 1049 1160 1086 nunciabatur.
1217 1050 1289 1088 Sed

109 1109 157 1139 tot
177 1104 286 1141 millia
315 1117 476 1144 suorum.
497 1115 590 1152 quae
611 1103 770 1140 nondum
792 1102 840 1139 ad
868 1114 1016 1139 amnem
1036 1111 1287 1151 pervenerant,

109 1163 217 1205 ponte
246 1158 371 1202 reciso,
392 1157 562 1206 praedam
592 1155 702 1193 hostis
729 1155 803 1193 fore
832 1155 990 1192 videbat.
1063 1156 1288 1203 Abeuntem,

107 1222 219 1258 quum
256 1212 432 1248 intactum
459 1212 589 1247 sineret
624 1215 785 1259 pontem,
817 1210 950 1247 dixisse
988 1216 1141 1255 constat,
1171 1209 1287 1248 Malle

105 1265 377 1313 insequentibus
404 1265 469 1301 iter
496 1263 594 1309 dare,
613 1276 724 1312 quam
752 1263 892 1300 auferre
912 1262 1143 1311 fugientibus.
1200 1263 1285 1313 Ipse

107 1318 232 1366 ingens
249 1319 406 1368 spatium
432 1317 516 1366 fuga
547 1329 731 1359 emensus,
761 1317 882 1354 media
909 1316 982 1353 sere
1011 1323 1118 1355 nocte
1145 1317 1286 1355 Arbela

109 1373 283 1419 pervenit.
341 1372 436 1418 Quis
454 1377 506 1409 tot
532 1371 683 1408 ludibria
711 1370 886 1417 fortunae,
915 1370 1052 1408 ducum
1080 1371 1284 1419 agminum-

106 1436 174 1472 que
193 1426 346 1462 caedem
376 1426 624 1474 multiplicem,
644 1425 869 1462 devictorum
888 1424 1023 1473 sugam,
1043 1425 1166 1461 clades
1186 1437 1284 1462 nunc

106 1478 336 1527 singulorum,
358 1491 457 1516 nunc
484 1479 747 1525 universorum,
777 1484 839 1515 aut
855 1479 978 1515 animo
993 1480 1133 1527 assequi
1163 1486 1284 1527 queat,

107 1539 169 1568 aut
204 1534 362 1570 oratione
395 1532 625 1582 complecti?
697 1532 964 1582 Propemodum
1003 1533 1115 1569 seculi
1154 1544 1209 1569 res
1246 1533 1282 1569 in

106 1598 220 1623 unum
242 1587 341 1623 illum
368 1586 464 1623 diem
492 1585 633 1622 fortuna
660 1587 870 1624 cumulavit.
928 1584 1017 1629 Alii,
1046 1598 1120 1634 qua
1147 1587 1283 1623 brevis-

106 1639 238 1677 simum
266 1640 412 1690 patebat
446 1640 520 1683 iter,
554 1640 613 1675 alii
649 1639 808 1677 diversos
837 1640 960 1684 saltus,
988 1645 1024 1675 et
1061 1641 1198 1688 ignotos
1225 1653 1281 1677 se-

104 1694 296 1740 quentibus
313 1694 423 1730 calles
450 1693 631 1743 petebant.
687 1693 812 1743 Eques
840 1690 1021 1743 pedesque
1041 1693 1181 1730 confusi
1201 1694 1279 1732 sine

103 1745 209 1793 duce,
245 1748 391 1784 armatis
428 1748 594 1791 inermes,
631 1748 773 1796 integris
809 1747 944 1784 debiles
986 1747 1278 1797 implicabantur.

102 1799 256 1846 Deinde,
299 1800 540 1837 misericordia
579 1801 616 1837 in
658 1807 795 1839 metum
837 1813 953 1846 versa,
984 1802 1042 1849 qui
1074 1802 1175 1849 sequi
1203 1813 1279 1838 non

102 1860 276 1902 poterant,
291 1855 382 1892 inter
400 1860 545 1892 mutuos
562 1855 713 1903 gemitus
731 1855 1000 1892 deserebantur.
1039 1855 1121 1892 Sitis
1139 1856 1280 1904 praeci-

101 1919 172 1955 pue
186 1907 348 1957 satigatos
359 1914 396 1945 et
414 1909 556 1946 saucios
573 1909 774 1957 perurebat,
788 1909 993 1958 passimque
1006 1908 1174 1945 omnibus
1190 1908 1277 1945 rivis

102 1968 363 2010 prostraverant
390 1974 552 2012 corpora,
584 1962 895 2011 praeterfluentem
916 1973 1051 2010 aquam
1070 1960 1182 1998 hianti
1212 1974 1274 1999 ore

99 2019 309 2063 captantes:
337 2028 446 2065 quam
465 2028 577 2065 quum
598 2016 694 2052 avidi
713 2016 892 2053 turbidam
912 2014 1129 2060 hausissent,
1149 2015 1276 2053 tende-

100 2069 228 2106 bantur
241 2071 425 2119 extemplo
438 2069 648 2119 praecordia
661 2076 849 2119 premente
863 2069 950 2106 limo
963 2082 973 2117 3
992 2069 1225 2118 resolutisque
1239 2076 1276 2107 et

100 2122 318 2172 torpentibus
353 2124 536 2169 membris,
571 2136 684 2172 quum
722 2124 988 2173 supervenisset
1017 2123 1139 2168 bostis,
1169 2124 1273 2160 novis

100 2176 306 2213 vulneribus
317 2177 576 2214 excitabantur·
602 2176 776 2223 Quidam,
787 2178 975 2227 occupatis
987 2177 1163 2227 proximis
1178 2178 1275 2223 rivis,

98 2229 313 2267 diverterant
340 2231 489 2279 longius,
508 2236 546 2267 ut
571 2231 741 2280 quidquid
770 2231 900 2268 occulti
929 2230 1089 2268 humoris
1116 2243 1270 2280 usquam

98 2289 272 2329 manaret,
291 2284 503 2333 exciperent
521 2296 530 2320 z
559 2297 627 2321 nec
655 2286 726 2321 ulla
746 2284 837 2321 adeo
858 2285 939 2321 avia
958 2291 993 2322 et
1013 2285 1112 2321 sicca
1139 2285 1271 2321 lacuna

96 2344 182 2382 erat,
213 2349 305 2385 quae
336 2337 579 2385 vestigantium
610 2338 704 2374 sitim
733 2338 879 2376 falleret.
938 2337 970 2374 Ε
991 2338 1167 2389 proximis
1185 2350 1271 2374 vero

96 2391 208 2427 itineri
230 2391 317 2426 vicis
337 2403 465 2427 senum
486 2391 640 2427 ululatus
662 2391 947 2440 feminarumque
966 2392 1267 2435 exaudiebantur,

96 2444 245 2481 barbaro
266 2445 330 2480 ritu
352 2443 503 2481 Darium
525 2444 643 2481 adbuc
666 2457 780 2492 regem
804 2446 1052 2483 clamantium.

661 2511 693 2545 G
