1496 2671
229 141 252 178 ὃ
588 140 881 182 AGRICOLAE
910 142 1058 182 VITA.

230 261 362 296 semus,
384 249 415 286 si
443 253 518 287 tam
546 249 585 286 in
614 254 743 287 nostra
769 254 955 300 potestate
982 255 1080 290 esset
1108 250 1278 290 oblivisci
1303 263 1414 301 quam

231 309 367 340 tacere.

286 356 358 393 III.
389 357 503 394 Nune
550 357 701 395 demum
739 357 838 396 redit
882 359 1058 403 animus3
1105 363 1145 398 et
1189 371 1413 409 quanquam,

229 411 349 458 primo
377 411 504 448 statim
534 411 737 450 beatissimi
764 412 890 449 saeculi
918 416 1016 458 ortu,
1045 412 1173 450 Nerva
1201 413 1330 451 Caesar
1355 426 1415 452 res

231 464 318 500 olim
338 464 594 501 dissociabiles
618 465 824 511 miscuerit,
845 465 1098 515 principatum
1116 479 1160 504 ae
1186 466 1414 514 libertatem,

228 522 440 568 augeatque
459 518 629 567 quotidie
654 518 872 557 felicitatem
898 518 1045 568 imperii
1063 518 1192 558 Nerva
1219 520 1414 571 Trajanus,

227 583 297 609 nec
323 584 428 620 spem
456 571 568 609 modo
588 585 631 610 ac
650 577 779 611 votum
808 573 988 610 securitas
1015 573 1177 622 publiea,
1206 574 1274 612 sed
1299 575 1415 625 ipsius

229 625 307 663 voti
325 625 513 672 fiduciam,
544 638 587 664 ac
606 627 721 664 robur
741 626 1016 675 adsumpserit:
1046 631 1184 664 natura
1202 631 1331 666 tamen
1357 628 1415 666 in-

228 679 416 717 firmitatis
436 679 623 727 humanae,
653 680 820 718 tardiora
848 684 937 718 sunt
955 679 1131 725 remedia,
1162 693 1274 730 quam
1293 681 1416 727 ma1a;

227 738 265 770 et
285 737 328 770 ut
356 745 513 782 corpora
540 734 643 772 lente
671 738 891 782 augescunt,
920 733 996 772 cito
1026 734 1335 783 exstinguuntur,
1363 735 1416 773 sie

228 787 380 835 ingenia
399 787 597 835 studiaque
616 787 845 837 oppresseris
864 787 1019 833 facilius,
1040 800 1150 837 quam
1171 789 1416 827 revocaveris,

234 839 346 878 Subit
382 841 522 889 quippe
550 840 663 878 etiam
701 841 818 890 ipsius
844 840 990 879 inertiae
1017 841 1202 878 dulcedo:
1230 846 1270 880 et
1296 842 1418 881 invisa

225 894 347 942 primo
366 894 511 931 desidia
529 899 720 943 postremo
739 899 900 932 amatur.
944 894 1048 940 Quid
1063 895 1105 942 si,
1121 907 1189 944 per
1203 895 1416 945 quindecim

228 948 525 997 annos,‘grande
553 949 722 987 mortalis
750 949 821 986 aevi
840 949 1013 998 spatium,
1034 949 1145 987 multi
1163 949 1330 988 fortuitis
1358 962 1418 988 ea-

231 1001 345 1045 sibus‚
385 1002 685 1051 promptissimus
723 1002 879 1051 quisque
911 1002 1056 1041 saevitia
1088 1002 1267 1053 principis
1303 1003 1419 1042 inter·

226 1054 399 1092 ciderunt
418 1055 437 1092 ,9
467 1055 596 1100 Pauci,
617 1061 666 1101 et,
689 1061 732 1094 ut
750 1057 804 1094 ita
825 1056 996 1102 dixerim,
1018 1069 1096 1094 non
1116 1057 1230 1095 modo
1246 1057 1417 1103 aliorum,

227 1109 293 1145 sed
329 1109 444 1150 ,etiam
474 1111 593 1148 nostri
623 1110 843 1160 superstites
871 1123 1030 1155 sumus;
1060 1110 1218 1149 exemtis
1247 1123 1268 1149 e
1295 1111 1419 1150 media

225 1162 304 1200 vita
316 1168 374 1200 tot
394 1163 516 1209 annis‘,
532 1165 667 1212 quibus
682 1164 842 1213 juvenes
858 1164 906 1202 ad
920 1169 1166 1211 senectutem,
1183 1177 1290 1203 senes
1303 1177 1421 1216 prope

228 1216 276 1254 ad
294 1216 395 1265 ipsos
414 1222 556 1255 exactae
577 1219 699 1256 aetatis
719 1219 898 1255 terminos
925 1230 993 1267 per
1012 1217 1203 1256 silentium
1223 1219 1415 1257 venimus:

225 1282 301 1306 non
320 1275 447 1308 tamen
467 1271 623 1320 pigebit,
641 1272 698 1309 vel
716 1271 912 1309 incondita
930 1284 973 1309 ac
985 1271 1071 1309 rudi
1086 1283 1189 1318 voce,
1204 1273 1423 1312 memoriam

224 1324 357 1371 prioris
376 1326 579 1369 servitutis,
611 1338 653 1362 ac
681 1325 939 1363 testimouium
961 1325 1203 1375 praesentium
1231 1326 1419 1364 bonorum

232 1379 500 1427 composuisse.
557 1378 629 1416 His
649 1379 798 1416 iuterim
814 1378 909 1415 liber
928 1379 1064 1416 honori
1085 1377 1287 1428 Agricolae‚
1302 1382 1420 1419 soceri

225 1432 307 1477 mei,
330 1432 551 1478 destinatus,
568 1433 797 1481 professione
812 1433 963 1481 pietatis
979 1439 1045 1470 aut
1064 1433 1240 1471 laudatus
1259 1434 1332 1473 erit
1350 1440 1416 1473 aut

228 1491 441 1522 excusatus.

279 1538 352 1576 lV.
381 1539 518 1576 Cuaeus
545 1538 667 1577 Julius
696 1540 887 1589 Agricola,
919 1541 1035 1578 veteri
1066 1546 1104 1579 et
1130 1540 1270 1579 illustri
1298 1541 1414 1580 Foro-

218 1592 437 1639 juliensium
457 1593 604 1630 colonia
623 1598 739 1639 ortus,
762 1600 965 1643 utrumque
993 1607 1104 1632 avum
1132 1599 1414 1644 procuratorem

231 1645 425 1682 Cassarum
462 1646 624 1685 habuit:
666 1660 750 1696 quae
780 1648 964 1697 equestris
991 1648 1169 1686 nobilitas
1197 1653 1278 1687 est:
1308 1655 1417 1700 pater

228 1698 353 1737 Julius
375 1699 572 1737 Graeciuus
593 1702 770 1739 senatorii
791 1702 943 1747 ordinis,
966 1701 1093 1740 studio
1112 1701 1338 1752 eloquentiae
1357 1717 1415 1741 sa-

232 1753 460 1802 pientiaeque
489 1759 617 1801 notus,
647 1755 765 1803 iisque
796 1755 999 1793 virtutibus
1027 1755 1120 1792 iram
1151 1755 1233 1793 Caii
1262 1756 1421 1795 Caesaris

230 1807 394 1844 meritus.
452 1807 624 1856 Namque
640 1809 811 1846 Marcum
826 1809 994 1846 Silanum
1015 1822 1189 1847 accusare
1200 1809 1340 1858 jussus,
1362 1816 1415 1858 et,

228 1861 313 1908 quia
331 1861 526 1908 abnuerat,
549 1862 770 1900 interfectus
784 1867 854 1900 est·
883 1863 1007 1901 Mater
1026 1863 1052 1900 J
1056 1863 1131 1900 ulia
1151 1862 1312 1901 Procilla
1329 1864 1414 1912 fuit,

226 1927 319 1952 rarae
338 1915 545 1953 castitatis:
577 1916 616 1953 iu
645 1916 757 1965 hujus
783 1916 867 1954 sinu
886 1915 1191 1965 indulgentiaque
1218 1917 1411 1966 educatus,

226 1980 293 2016 per
312 1981 462 2006 omnem
483 1969 725 2008 honestarum
746 1970 883 2008 artium
903 1970 1046 2008 cultum
1067 1969 1264 2019 pueritiam
1286 1971 1412 2010 adole-

226 2022 482 2072 scentiamque
510 2023 707 2072 transegit.
765 2025 930 2062 Arcebat
950 2035 1034 2061 eum
1056 2024 1104 2061 ab
1122 2024 1309 2063 illecebris
1326 2037 1411 2076 peo-

227 2076 406 2123 cantium,
442 2082 578 2126 praeter
612 2078 727 2127 ipsius
765 2079 901 2115 bonam
930 2077 1191 2126 integramque
1226 2083 1412 2128 naturam,

228 2129 330 2177 quod
361 2131 487 2169 statim
523 2131 700 2180 parvulus
729 2131 855 2168 sedem
884 2143 926 2168 ac
954 2131 1175 2180 magistram·
1200 2132 1411 2171 studiorum

229 2182 433 2220 Massiliam
449 2184 636 2231 habuerit,
657 2185 781 2230 locum
800 2184 932 2222 Graeca
945 2185 1123 2223 comitate
1142 2189 1181 2224 et
1194 2185 1414 2236 provinciali

231 2236 461 2285 parcimonia
499 2238 663 2284 mistum,
699 2251 742 2276 ac
778 2239 875 2276 bene
912 2239 1173 2288 compositum.
1231 2238 1415 2279 Memoria

231 2297 354 2336 teneo,
394 2291 543 2329 solitum
582 2292 703 2340 ipsum
742 2304 905 2338 narrare,
937 2296 960 2312 “
975 2305 1015 2330 se
1041 2293 1082 2330 in
1108 2292 1231 2342 prima
1254 2292 1414 2343 juventa

231 2343 397 2381 studium
417 2344 663 2394 philosophice
689 2346 824 2391 acrius,
843 2346 948 2384 ultra
965 2357 1076 2395 quam
1097 2358 1313 2384 concessum
1335 2347 1414 2385 Ro-

232 2409 342 2435 mano
357 2411 401 2435 ac
415 2399 590 2443 senatori,
612 2399 787 2441 hausisse,
804 2400 844 2439 ni
862 2399 1064 2449 prudentia
1078 2400 1206 2438 matris
1223 2400 1416 2440 incensum
