1496 2671
552 141 1001 180 THEMIsrocLEs.
1300 117 1308 127 '
1352 130 1377 179 9

515 302 571 340 H.
602 301 1050 341 THEMISTOCLES.

187 388 289 429 CAP.
317 389 351 427 I.
415 388 678 426 Themistocles
715 387 974 479 [adolescentia
1017 388 1243 438 inqenioque
1287 400 1378 424 usus

686 442 714 479 li
739 443 871 479 eriore.

241 518 577 563 THEMISTOCLES,
606 517 745 556 Neocli
775 517 891 563 filius,
923 516 1193 554 Atheniensis.
1249 515 1381 564 Hujus

186 571 284 610 vitia
301 572 473 609 ineuntis
492 571 771 609 adolescentiae
790 571 941 620 magnis
970 576 1060 607 sunt
1079 569 1281 607 emendata
1299 570 1380 607 viro

187 625 349 663 tutibus:
378 625 472 663 adeo
505 631 548 662 ut
580 624 819 662 anteferatur
851 624 942 661 huie
976 636 1100 668 nemo,
1124 623 1237 673 pauci
1270 635 1382 672 pares

187 685 384 727 putentur.
443 677 517 716 Sed
549 679 599 716 ab
628 678 740 716 initio
770 683 829 715 est
861 678 1098 715 ordiendum.
1154 677 1274 714 Pater
1299 676 1381 724 ejus

186 732 356 770 Neoclus
389 744 598 782 generosus
634 731 722 768 fuit.
780 730 818 769 Is
855 743 1017 768 uxorem
1055 729 1382 768 Halicarnassiam

187 785 314 824 civem
346 785 473 832 duxit,
505 798 556 823 ex
592 783 669 834 qua
700 790 815 823 natus
849 790 908 822 est
939 784 1231 823 Themistocles.
1290 781 1381 829 Qui,

187 851 308 888 quum
325 839 453 877 minus
468 844 569 877 esset
586 840 772 888 probatus
788 839 1025 888 parentibus,
1042 838 1144 888 quod
1163 843 1202 875 et
1220 837 1383 874 liberius

187 893 357 939 vivebat,
376 898 415 931 et
433 904 515 930 rem
533 892 763 931 familiarem
782 892 1018 942 negligebat,
1033 904 1056 929 a
1070 895 1181 941 patre
1195 891 1382 929 exhaere-

187 946 301 984 datus
319 951 389 984 est.
448 945 557 993 Quae
576 946 807 984 contumelia
821 958 898 983 non
913 945 1032 995 fregit
1045 958 1145 990 eum,
1161 944 1229 983 sed
1244 943 1382 982 erexit.

187 999 303 1046 Nam,
324 1013 444 1049 quum
457 999 684 1048 judicasset,
705 1000 788 1038 sine
806 997 954 1036 summa
967 996 1159 1036 industria
1177 1010 1255 1035 non
1274 1009 1385 1046 posse

188 1064 273 1091 eam
292 1053 480 1103 extingui,
501 1058 626 1091 totum
653 1064 692 1090 se
715 1052 862 1090 dedidit
889 1052 1138 1102 reipublicae,
1158 1051 1385 1101 diligentius

188 1105 321 1144 amicis
339 1106 540 1155 famaeque
563 1106 745 1145 serviens.
801 1105 975 1143 Multum
1001 1105 1044 1142 in
1065 1104 1226 1154 judiciis
1252 1104 1384 1154 priva-

187 1159 239 1198 tis
268 1161 507 1206 versabatur,
542 1172 656 1209 saepe
687 1160 730 1196 in
761 1159 984 1197 concionem
1020 1159 1154 1208 populi
1188 1158 1386 1208 prodibat;

188 1213 295 1251 nulla
321 1226 383 1251 res
410 1213 534 1262 major
561 1213 645 1251 sine
673 1225 718 1250 eo
745 1213 971 1261 gerebatur3
999 1212 1265 1260 celeriterque,
1286 1223 1386 1261 quae

190 1279 286 1315 opus
307 1271 427 1313 erant,
443 1266 671 1316 reperiebat,
687 1265 801 1304 facile
813 1266 946 1304 eadem
960 1265 1134 1303 oratione
1153 1265 1384 1314 explicabat.

190 1320 331 1370 Neque
357 1321 484 1359 minus
513 1321 555 1357 in
584 1321 701 1358 rebus
728 1319 910 1368 gerendis
941 1323 1154 1368 promptus,
1179 1330 1296 1366 quam
1315 1330 1382 1356 ex—

190 1374 417 1423 cogitandis,
431 1386 472 1412 er
474 1378 528 1412 at:
548 1374 651 1422 quod
665 1378 704 1411 et
718 1374 765 1411 de
779 1372 1022 1417 instantibus,
1039 1372 1102 1423 (ut
1117 1373 1171 1410 ait
1187 1372 1385 1421 Thucydi-

192 1425 278 1474 des)
314 1427 507 1465 verissime
541 1426 760 1477 judicabat,
799 1429 834 1465 et
869 1427 914 1463 de
947 1426 1106 1476 futuris
1141 1425 1388 1464 callidissime

193 1480 427 1532 conjiciebat.
485 1479 572 1527 Quo
591 1479 737 1519 factum
752 1486 820 1526 est,
837 1485 880 1518 ut
898 1480 1010 1519 brevi
1029 1485 1201 1530 tempore
1215 1479 1386 1517 illustra-

192 1540 313 1572 retur.

195 1672 294 1712 CAP.
335 1673 394 1711 11.
459 1673 742 1764 ThemistoclesP
768 1673 864 1735 bello
910 1672 1041 1710 clarus
1093 1671 1308 1722 Corcyraeo
1354 1678 1389 1708 et

737 1740 870 1764 erswo.

247 1802 410 1840 PmMus
437 1806 564 1840 autem
592 1802 735 1851 gradus
762 1801 838 1839 fuit
866 1802 1120 1851 capessendae
1139 1800 1386 1850 reipublicae,

195 1854 296 1893 bello
315 1854 548 1906 Corcyraeoz
577 1856 625 1894 ad
644 1856 746 1905 quod
774 1857 987 1905 gerendum
1014 1860 1168 1904 praetor
1196 1867 1219 1893 a
1246 1855 1389 1903 populo

195 1908 332 1955 factus,
365 1922 443 1946 non
474 1909 596 1947 solum
627 1909 823 1959 praesenti
852 1909 964 1955 bello,
994 1909 1061 1947 sed
1091 1909 1207 1947 etiarn
1239 1908 1389 1957 reliquo

195 1967 368 2012 tempore
397 1962 623 2001 ferociorem
650 1963 820 2001 reddidit
851 1963 1060 2000 civitatem.
1125 1961 1240 2008 Nam,
1270 1974 1390 2010 quum

197 2016 360 2064 pecunia
390 2017 556 2066 publica,
586 2029 684 2066 quae
717 2030 767 2054 ex
794 2017 960 2054 metallis
991 2016 1153 2061 redibat,
1183 2016 1390 2065 largitione

197 2069 492 2118 magistratuum
507 2071 712 2119 quotannis
731 2071 919 2115 interiret,
939 2070 1006 2107 ille
1025 2070 1216 2118 persuasit
1234 2069 1388 2118 populo,

198 2127 243 2159 ut
257 2120 301 2160 ea
313 2121 476 2172 pecunia
492 2125 623 2161 classis
637 2129 791 2161 centum
804 2124 962 2161 navium
974 2123 1254 2161 aedificaretur.
1303 2120 1390 2168 Qu&

199 2175 375 2214 celeriter
411 2175 558 2224 effecta,
596 2178 764 2227 primum
802 2177 1037 2227 Corcyraeos
1073 2176 1203 2224 fregit,
1237 2176 1390 2222 deinde,

199 2229 413 2267 maritimos
430 2232 642 2279 praedones
658 2232 921 2277 consectand0‚
939 2243 1045 2268 mare
1059 2235 1187 2267 tutum
1205 2229 1388 2266 reddidit.

201 2282 250 2318 In
282 2294 359 2331 quo
390 2295 477 2320 cum
508 2285 657 2322 divitiis
689 2286 853 2329 ornavit,
884 2290 966 2321 tum
994 2284 1110 2321 etiam
1137 2283 1390 2333 peritissimos

202 2336 292 2373 belli
311 2337 459 2373 navalis
474 2336 565 2374 fecit
578 2337 848 2376 Athenienses.
906 2338 954 2374 Id
965 2343 1131 2387 quantae
1145 2337 1258 2374 saluti
1273 2335 1390 2372 fuerit

203 2389 405 2427 universae
427 2389 623 2436 Graeciae,
644 2391 743 2428 bello
765 2392 963 2441 cognitum
982 2397 1039 2428 est
1068 2390 1231 2428 Persico.
1289 2387 1390 2426 Nam
