1496 2671
278 153 324 189 12
571 151 764 197 QUINTI
792 151 983 191 CURTII
1012 151 1143 190 RUFI

273 265 339 298 aut
364 260 489 298 hostes
515 259 739 308 populatos:
775 272 840 309 per
878 265 1000 297 vastas
1029 259 1259 307 solitudines,
1297 261 1440 300 etiamsi

270 326 381 351 nemo
398 312 543 361 insequi
570 313 669 358 velit,
699 319 830 351 euntes
847 313 944 350 fame
971 318 1084 363 atque
1109 313 1236 363 inopia
1262 313 1440 352 debellari

270 377 399 417 posse:
416 366 538 412 Quem
549 366 697 416 signum
715 367 891 405 daturum
903 367 1133 415 fugientibus
1148 367 1167 405 ἔ)
1188 367 1308 412 Quem
1329 381 1437 406 ausu—

268 434 352 458 rum
371 420 586 457 Alexandro
614 421 810 458 succedere
829 421 848 457 ἶ)
864 441 868 446 ’
900 419 995 466 Jam,
1015 426 1058 459 ut
1085 421 1133 458 ad
1152 420 1439 471 Hellespontum

265 475 355 523 fuga
372 478 623 524 penetrarent,
651 474 802 512 classem
830 486 903 523 qua
930 479 1122 512 transeant
1149 487 1258 524 quem
1285 478 1438 525 praepa-

267 533 435 566 raturum
449 527 469 565 ἶ)
524 528 670 565 Rursus
697 528 737 564 in
755 529 875 577 ipsum
895 540 1021 576 regem
1039 528 1290 566 misericordia
1316 530 1434 574 versa,

267 582 371 618 illum
397 580 525 620 florem
547 581 858 631 juventae‚'illam
881 581 954 617 vim
974 581 1097 626 animi,
1125 582 1285 619 eundem
1310 595 1434 632 regem

264 641 301 673 et
329 635 628 680 commilitonem,
658 635 784 672 divelli
813 648 834 672 a
862 647 900 671 se
928 640 966 672 et
993 635 1173 685 abrumpi,
1202 635 1434 674 immemores

266 689 322 726 sui
349 690 613 738 querebantur.

318 742 405 780 XII.
437 742 541 780 Inter
577 742 668 780 haec
706 742 857 779 liberius
894 748 1019 779 meare
1056 742 1208 792 spiritus
1236 751 1437 792 coeperat;

264 797 446 834 allevabat
473 809 538 833 rex
565 797 702 840 oculos,
731 802 769 833 et
793 795 972 844 paulatim
1000 796 1182 834 redeunte
1211 797 1336 834 animo
1363 797 1434 834 cir-

261 855 488 888 cumstantes
516 851 651 887 amicos
671 854 904 898 agnoverat3
932 849 1131 899 laxataque
1156 850 1212 887 vis
1239 850 1359 887 morbi
1386 851 1435 888 ob

261 904 331 941 hoc
359 904 478 940 solum
505 904 712 947 videbatur,
743 903 830 952 quia
864 903 1160 952 magnitudinem
1185 904 1274 941 mali
1299 904 1435 942 sentie-

262 958 337 994 bat.
394 958 523 993 Animi
551 964 675 994 autem
703 957 901 1005 aegritudo
930 969 1063 1006 corpus
1086 957 1268 1006 urgebat3
1297 958 1436 1008 quippe

263 1011 420 1048 Darium
442 1011 573 1060 quinto
588 1011 649 1047 die
667 1011 707 1047 in
735 1010 903 1047 Ciliciam
922 1010 1002 1047 fore
1027 1011 1277 1049 nunciabatur
1297 1024 1306 1048 :
1334 1011 1437 1049 vinc-

260 1069 340 1103 tum
368 1078 457 1114 ergo
477 1078 515 1101 se
534 1065 643 1109 tradi,
667 1070 704 1102 et
722 1069 865 1102 tantam
884 1064 1075 1102 victoriam
1102 1064 1195 1114 eripi
1221 1065 1293 1102 sibi
1317 1066 1438 1102 mani·-

260 1119 340 1163 bus,
383 1119 612 1168 obscuraque
639 1123 676 1155 et
702 1119 859 1167 ignobili
886 1123 1006 1156 morte
1033 1119 1072 1155 in
1099 1118 1342 1156 tabernaculo
1367 1131 1436 1156 suo

260 1172 431 1221 extingui
459 1185 498 1209 se
517 1173 753 1221 querebatur.
810 1172 1068 1221 Admissisque
1094 1172 1221 1209 amicis
1235 1173 1375 1221 pariter
1394 1180 1432 1210 et

258 1227 409 1263 medicis
430 1224 471 1263 :'‘
489 1226 533 1262 In
560 1239 634 1275 quo
654 1225 737 1270 me‚'
763 1226 897 1274 inquit,
919 1229 928 1246 ‘
948 1226 1106 1263 articulo
1125 1238 1249 1262 rerum
1267 1239 1430 1263 mearum

257 1280 408 1318 fortuna
436 1279 724 1329 deprehenderit
752 1279 914 1316 cernitis.
989 1279 1194 1329 Strepitum
1240 1279 1432 1318 hostilium

255 1346 441 1370 armorum
462 1334 638 1370 exaudire
656 1333 745 1369 mihi
765 1333 916 1375 videor;
938 1341 976 1370 et
1003 1333 1067 1382 qui
1093 1333 1194 1370 ultro
1221 1333 1333 1384 intuli
1352 1334 1429 1371 bel-

256 1387 332 1423 lum
355 1387 435 1436 jam
462 1399 654 1436 provocor.
712 1386 851 1423 Darius
879 1399 980 1435 ergo,
1010 1399 1125 1435 quum
1152 1392 1229 1424 tam
1256 1385 1437 1437 superbas

256 1441 380 1478 literas
400 1441 589 1485 scriberet,
609 1442 798 1478 fortunam
818 1453 936 1476 meam
956 1440 995 1476 in
1013 1440 1169 1477 consilio
1182 1440 1315 1478 habuit
1335 1453 1344 1486 3
1365 1442 1430 1478 sed

254 1494 518 1544 nequidquam,
540 1495 570 1531 si
597 1495 688 1531 mihi
707 1495 861 1531 arbitrio
890 1507 973 1531 meo
1001 1494 1123 1531 curari
1149 1494 1251 1531 licet.
1308 1493 1430 1534 Lenta

254 1549 419 1585 remedia
437 1555 474 1585 et
489 1561 620 1597 segnes
639 1548 801 1584 medicos
816 1560 890 1584 non
907 1553 1107 1597 expectant
1125 1553 1293 1597 tempora
1318 1561 1400 1586 mea
1419 1562 1432 1587 τ

254 1602 312 1639 vel
331 1602 425 1639 mori
452 1608 602 1639 strenue
630 1615 740 1651 quam
767 1602 874 1639 tarde
901 1602 1157 1639 convalescere
1183 1602 1274 1639 mihi
1300 1602 1433 1640 melius

255 1661 339 1699 est;
369 1655 538 1705 proinde,
563 1656 592 1692 si
618 1656 709 1704 quid
728 1655 820 1704 opis,
840 1656 869 1691 si
889 1655 979 1704 quid
998 1655 1090 1693 artis
1115 1655 1155 1692 in
1181 1655 1333 1693 medicis
1359 1661 1429 1701 est,

255 1710 373 1746 sciant
392 1722 450 1746 me
477 1722 551 1745 non
580 1715 655 1747 tam
675 1709 805 1746 mortis
833 1722 943 1758 quam
970 1709 1058 1745 belli
1084 1709 1288 1746 remedium
1316 1721 1432 1758 quae-

255 1762 360 1800 rere?
416 1763 612 1811 Ingentem
633 1763 804 1810 omnibus
831 1763 1037 1800 incusserat
1066 1774 1192 1799 curam
1220 1767 1298 1800 tam
1321 1775 1430 1812 prae—

255 1829 339 1866 ceps
372 1816 561 1854 temeritas
597 1816 689 1865 ejus.
763 1816 878 1864 Ergo,
911 1829 980 1865 pro
1017 1829 1055 1853 se
1082 1816 1248 1865 quisque,
1285 1818 1427 1866 precari

254 1883 418 1919 coepere,
439 1883 487 1907 ne
503 1870 741 1908 festinatione
760 1870 963 1920 periculum
983 1875 1143 1918 augeret,
1173 1869 1239 1907 sed
1265 1876 1363 1908 esset
1389 1872 1428 1907 in

252 1928 438 1972 potestate
465 1924 723 1961 medentium:
752 1925 947 1973 inexperta
974 1923 1136 1960 remedia
1161 1923 1262 1960 haud
1289 1923 1427 1973 injuria

254 1979 340 2027 ipsis
369 1990 447 2014 esse
476 1983 656 2028 suspecta,
696 1991 809 2027 quum
847 1978 895 2014 ad
920 1977 1118 2027 perniciem
1147 1976 1226 2026 ejus
1254 1977 1367 2015 etiam
1403 1991 1425 2015 a

255 2032 369 2069 latere
396 2031 511 2080 ipsius
539 2031 696 2081 pecunia
722 2032 923 2069 solicitaret
950 2031 1078 2076 hostis,
1111 2029 1264 2081 (quippe
1283 2031 1428 2070 Darius

254 2085 353 2121 mille
371 2085 513 2122 talenta
531 2085 758 2123 interfectori
787 2085 993 2122 Alexandri
1011 2085 1187 2122 daturum
1205 2097 1246 2122 se
1258 2097 1424 2134 pronun—

254 2138 342 2175 ciari
363 2138 525 2187 jusserat
540 2138 566 2189 t)
596 2139 722 2188 itaque
748 2151 796 2176 ne
823 2151 998 2176 ausurum
1026 2138 1176 2188 quidem
1203 2150 1424 2188 quemquam

255 2190 570 2243 [arbitrabantur]
601 2193 760 2241 experiri
783 2193 998 2238 remedium,
1028 2192 1130 2242 quod
1147 2197 1300 2242 propter
1317 2193 1427 2230 novi-

254 2250 367 2283 tatem
382 2251 508 2294 posset
526 2259 605 2283 esse
619 2251 846 2296 suspectum.

303 2298 413 2336 XIII.
442 2298 478 2337 6.
510 2299 602 2337 Erat
628 2300 726 2338 inter
770 2300 913 2337 nobiles
947 2299 1109 2337 medicos
1146 2313 1168 2338 e
1202 2299 1423 2338 M'aeedonia

251 2365 374 2401 regem
402 2359 580 2401 sequutus
608 2353 813 2403 Philippus,
843 2354 996 2391 natione
1023 2355 1211 2400 Acarnan,
1230 2353 1329 2390 fidus
1353 2353 1419 2390 ad-

251 2406 402 2444 modum
416 2407 519 2456 regi:
533 2420 649 2458 puero
668 2420 790 2446 comes
805 2412 843 2447 et
858 2413 982 2446 custos
1001 2408 1131 2447 salutis
1145 2408 1267 2454 datus,
1281 2418 1359 2444 non
1378 2415 1420 2445 ut
