1496 2671
383 148 487 174 CATO
516 147 654 173 MAJOR
682 147 734 172 DE
766 147 1020 174 SENECTUTE.
1277 137 1300 172 7

127 247 191 284 tim
228 246 257 282 si
294 244 432 291 utrique
461 248 635 287 vestrum,
663 247 703 278 ut
739 241 841 287 dicis,
869 248 1008 291 gratum
1045 241 1204 280 futurum
1232 251 1299 282 est.

125 299 233 338 LAEL.
289 297 468 334 Volumus
486 307 587 341 sane,
608 295 674 331 nisi
704 294 895 333 molestum
914 302 981 341 est,
1002 295 1108 341 Cato,
1126 301 1300 345 tanquam

124 352 282 401 aliquam
317 351 415 386 viam
450 349 595 396 longam
633 346 847 394 confeceris,
877 361 988 397 quam
1026 349 1130 386 nobis
1157 363 1302 400 quoque

123 403 394 454 ingrediendum
414 403 468 447 sit,
489 402 594 445 istuc,
614 414 682 450 quo
709 402 916 450 pervenisti,
945 402 1079 447 videre,
1109 404 1215 452 quale
1244 405 1301 441 sit.

177 457 250 495 ΙΙΙ.
279 457 317 493 7.
349 455 480 494 CATO.
510 455 676 501 Faciam,
698 461 736 492 ut
755 461 890 504 potero,
912 454 1012 492 Laeti.
1070 455 1174 505 Saepe
1201 458 1301 495 enim

124 509 266 548 interfui
295 509 447 559 querelis
477 520 641 546 meorum
670 508 878 557 aequalium,
917 508 1041 559 (pares
1068 517 1191 547 autem
1223 524 1304 549 cum

117 565 285 618 paribus,
315 563 425 599 veteri
454 562 655 612 proverbio,
675 562 858 612 facillime
894 563 1189 613 conpr-eyantm·,)
1221 577 1302 613 quae

127 617 239 655 Caius
261 616 452 661 Salinator,
481 628 561 664 quae
592 615 745 664 Spurius
773 615 943 660 Albinus,
968 615 1134 653 homines
1155 617 1303 654 Consu-

125 671 230 717 lares,
250 670 357 707 nostri
378 669 451 707 sere
478 670 648 718 aequales,
669 668 853 717 deplorare
881 669 1070 705 solebant:
1097 675 1174 707 tum
1206 672 1304 720 quod

124 724 370 774 voluptatibus
399 728 576 768 carerent,
613 723 690 758 sine
727 722 857 771 quibus
886 722 999 759 vitam
1028 722 1167 759 nullam
1195 731 1302 773 puta-

123 784 229 826 rent3
257 783 332 815 tum
355 777 451 825 quod
471 782 724 825 spernerentur
743 776 788 812 ab
808 775 863 821 iis,
883 788 905 812 a
924 775 1056 824 quibus
1084 784 1204 814 essent
1232 779 1302 815 coli

125 831 230 868 soliti.
288 831 364 876 Qui
386 829 473 867 milti
495 842 567 866 non
597 828 631 866 id
660 829 874 866 videbantur
892 841 1079 876 accusare,
1093 830 1189 878 quod
1208 839 1304 869 esset

122 884 387 923 accusandum.
458 883 571 928 Nam,
600 883 629 920 si
669 883 703 919 id
732 883 842 931 culpa
869 884 1065 920 senectutis
1108 884 1301 933 accideret,

126 939 257 976 eadem
287 937 374 974 mihi
406 937 653 983 usuvenirent,
674 937 888 986 reliquisque
918 936 1085 973 omnibus
1107 937 1302 986 majoribus

127 998 245 1039 natu3
275 1004 428 1041 quorum
455 1003 520 1038 ego
550 991 741 1027 multorum
781 990 933 1038 cognovi
971 997 1194 1028 senectutem
1224 992 1303 1030 sine

125 1047 297 1094 querela:
331 1045 391 1094 qui
420 1057 458 1081 se
485 1050 521 1080 et
548 1043 738 1080 libidinum
769 1044 923 1080 vinculis
951 1043 1093 1080 laxatos
1121 1056 1200 1082 esse
1231 1059 1302 1083 non

124 1099 275 1136 moleste
295 1098 437 1143 ferrent,
460 1109 528 1133 nec
557 1109 577 1133 a
596 1097 670 1133 suis
699 1096 980 1146 despicerentur.
1039 1096 1110 1134 Sed
1139 1099 1303 1137 omnium

125 1152 325 1190 istIusmodi
345 1151 572 1200 querelarum
594 1151 627 1186 in
651 1151 808 1188 moribus
826 1157 880 1187 est
899 1150 1021 1199 culpa,
1038 1162 1111 1187 non
1132 1152 1165 1188 in
1184 1160 1301 1192 aetate.

125 1205 304 1242 Moderati
324 1206 424 1242 enim
444 1209 479 1241 et
498 1216 566 1240 nec
585 1203 746 1240 difficiles
775 1216 844 1241 nec
872 1203 1063 1240 inhumani
1091 1217 1197 1242 senes
1216 1207 1303 1244 tole-

125 1259 275 1296 rabilem
304 1255 433 1308 agunt'
447 1262 697 1295 senectutem:
736 1257 986 1306 importunitas
1023 1263 1145 1295 autem
1177 1266 1213 1296 et
1248 1262 1303 1296 in-

126 1312 333 1350 humanitas
362 1312 459 1349 omni
490 1311 583 1348 aetati
616 1311 764 1347 molesta
791 1317 860 1347 est.
917 1310 954 1347 8.
993 1309 1100 1349 LAEL.
1159 1312 1236 1359 Est,
1266 1322 1305 1351 ut

123 1366 225 1414 dicis,
249 1366 355 1403 Cato.
413 1364 485 1402 Sed
515 1364 660 1401 sortasse
687 1364 817 1401 dixerit
844 1364 1039 1414 quispiam,
1069 1364 1130 1401 tibi
1159 1373 1304 1416 propter

125 1431 214 1469 opes
241 1424 278 1456 et
303 1420 428 1469 copias
455 1425 490 1454 et
511 1417 716 1466 dignitatem
737 1424 837 1455 tuam
867 1417 1145 1455 tolerabiliorem
1174 1431 1303 1457 senec-

127 1479 240 1510 tutem
272 1473 406 1519 videri3
441 1471 476 1508 id
514 1478 636 1508 autem
674 1484 745 1507 non
787 1484 894 1521 posse
923 1472 1044 1508 multis
1081 1474 1305 1522 contingere.

127 1526 256 1565 CATO.
315 1526 382 1563 Est
401 1527 493 1562 istuc
513 1525 671 1574 quidem,
690 1524 791 1569 Loeli,
811 1525 945 1573 aliquid
960 1538 969 1573 3
987 1523 1050 1561 sed
1070 1538 1304 1576 nequaquam

125 1582 161 1616 in
198 1581 265 1617 isto
303 1586 386 1617 sunt
414 1580 566 1616 omnia:
605 1584 643 1615 ut
680 1577 947 1615 Themistocles
986 1578 1095 1615 fertur
1139 1579 1304 1631 Seriphio

125 1633 271 1671 cuidam
290 1635 326 1671 in
342 1632 460 1681 jurgio
480 1631 720 1681 respondisse,
741 1645 853 1681 quum
877 1633 932 1669 ille
947 1632 1111 1679 dixisset,
1132 1646 1204 1670 non
1215 1648 1302 1673 eum

125 1688 204 1732 sua,
224 1687 285 1723 sed
305 1687 426 1736 patriae
445 1687 554 1734 gloria
572 1685 798 1735 splendorem
821 1693 1028 1722 assecutum
1048 1699 1136 1724 :nec
1152 1688 1305 1736 hercule,

126 1741 253 1789 inquit,
274 1742 306 1778 si
318 1754 380 1791 090
392 1740 585 1790 Seriphius
599 1753 720 1784 essem,
733 1741 875 1786 ‘nob-ilis,
889 1753 952 1777 nec
964 1745 1015 1784 tu,
1029 1740 1064 1777 si
1076 1741 1305 1782 Atheniensis

126 1807 227 1841 esses,
257 1795 379 1833 clarus
414 1807 576 1843 unquam
598 1794 748 1844 fuisses.
807 1793 919 1838 Quod
950 1794 1080 1830 eodem
1121 1795 1229 1832 modo
1260 1797 1305 1834 de

123 1855 308 1884 senectute
327 1853 442 1896 potest
461 1847 546 1884 dici.
602 1846 732 1895 Neque
748 1847 845 1884 enim
864 1848 897 1882 in
918 1859 1065 1883 summa
1082 1848 1203 1897 inopia
1217 1849 1306 1888 levis

124 1913 204 1937 esse
223 1907 391 1938 senectus
420 1906 547 1950 potest,
579 1912 624 1936 ne
644 1901 795 1949 sapienti
824 1899 996 1949 quidem:
1026 1912 1095 1937 nec
1124 1901 1303 1951 insipienti

123 1955 232 1990 etiam
251 1955 284 1990 in
307 1967 453 1992 summa
473 1954 579 2003 copia
599 1966 671 1990 non
693 1954 822 2002 gravis.
862 1954 898 1990 9.
928 1954 1129 2003 Aptissima
1149 1957 1301 1994 omnino

129 2014 223 2053 sunt,
245 2007 367 2056 Scipio
394 2014 430 2045 et
459 2007 558 2053 Laeli,
588 2019 689 2044 arma
718 2009 926 2054 senectutis,
956 2014 1049 2045 artes
1075 2010 1305 2047 exercitatio-

126 2072 262 2109 nesque
282 2061 465 2108 virtutum,
482 2075 575 2111 quae,
590 2061 626 2097 in
647 2061 744 2098 omni
759 2067 861 2098 aetate
883 2062 1003 2108 cultae,
1019 2074 1131 2110 quum
1151 2063 1303 2102 multum

128 2113 262 2163 diuque
282 2115 424 2162 vixeris,
457 2115 626 2152 mirificos
643 2114 796 2152 efferunt
822 2114 971 2161 fructus,
991 2127 1066 2152 non
1084 2116 1201 2153 solum
1221 2119 1306 2166 quia

128 2179 317 2217 nunquam
337 2168 516 2214 deserunt,
535 2180 581 2204 ne
600 2169 635 2204 in
648 2175 815 2205 extremo
833 2168 978 2217 quidem
1000 2175 1160 2219 tempore
1178 2172 1306 2217 oetatis,

132 2219 360 2270 (quanquam
380 2221 413 2258 id
446 2222 649 2258 maximum
677 2221 763 2272 est‚)
792 2234 920 2259 verum
948 2223 1073 2267 etiam,
1101 2224 1187 2271 quia
1215 2237 1304 2261 con-

129 2275 278 2312 scientia
300 2275 390 2311 bene
410 2280 500 2311 actae
516 2275 597 2313 vitae
612 2276 880 2325 multorumque
898 2275 1171 2315 benefactorum
1188 2290 1306 2315 recor-

130 2327 226 2365 datio
242 2327 508 2377 jucundissima
527 2334 593 2366 est.

185 2380 252 2419 lv.
287 2382 350 2419 10.
378 2381 456 2431 Ego
484 2382 666 2429 Quintum
693 2382 922 2432 Maximum,
951 2395 1050 2430 eum,
1085 2385 1147 2434 qui
1168 2384 1307 2422 Taren-
