1496 2671
446 127 609 165 LIBER
638 124 909 171 QUARTUS.
1204 124 1255 165 63

97 235 233 284 fulgor,
271 234 464 273 sollicitam
500 232 775 282 exspectatione
802 238 965 272 mentem
1000 233 1253 272 turbaverant.

103 288 231 337 Igitur,
251 289 326 326 sive
344 287 479 325 dubius
497 286 620 332 animi,
650 286 726 323 sive
744 290 786 324 ut
805 299 889 324 suos
908 287 1147 337 experiretur,
1168 299 1254 325 con-

100 343 218 379 silium
252 340 422 384 adhibet;
461 340 551 389 quid
577 339 758 389 optimum
784 339 884 378 factu
911 347 1017 386 esset,
1047 340 1253 391 exquirens.

101 395 302 440 Parmenio,
334 393 576 445 peritissimus
602 394 700 431 inter
727 393 838 430 duces
864 394 999 431 artium
1024 395 1122 442 belli,
1151 394 1251 433 furto

100 462 172 485 non
193 447 330 496 praelio
358 461 450 498 opus
477 459 556 485 esse
582 447 778 489 censebam
807 446 1027 496 intempesta
1053 452 1163 486 nocte
1189 460 1254 498 op-

98 502 205 550 primi
232 514 338 551 posse
349 501 496 539 hostes:
526 500 713 538 discordes
731 500 905 546 moribus,
925 501 1075 550 linguis,
1097 501 1143 539 ad
1162 501 1252 539 haec

96 567 221 592 somno
233 559 271 592 et
288 555 486 604 improviso
497 554 660 604 periculo
671 554 831 598 territos,
852 555 1002 603 quando
1018 555 1057 591 in
1071 560 1254 592 nocturna

96 608 340 657 trepidatione
367 609 528 647 coituros
547 608 566 646 ⁴?
619 608 674 646 At
700 607 863 645 interdiu
889 608 1048 656 primum
1074 609 1255 646 terribiles

96 674 308 700 occursuras
343 662 454 700 facies
491 661 712 712 Scytharum
748 660 1131 711 Bactrianorumque:
1158 662 1256 700 hirta

94 715 166 752 illis
192 728 267 761 ora,
296 720 334 754 et
368 716 535 754 intonsas
570 727 691 752 comas
727 727 828 759 esse3
866 722 1058 765 praeterea
1085 716 1254 753 eximiam

95 774 281 806 vastorum
307 769 604 818 magnitudinem
630 780 826 818 corporum
846 782 854 812 ;
889 769 992 806 vanis
1020 774 1057 807 et
1083 769 1254 806 inanibus

96 822 249 859 militem
285 823 404 872 magis
440 835 548 871 quam
569 822 681 871 justis
707 821 913 859 formidinis
941 823 1058 861 causis
1085 822 1252 860 moveri:

96 876 244 914 Deinde
279 881 421 915 tantam
448 876 724 914 multitudinem
752 875 998 913 circumfundi
1023 876 1256 926 paucioribus

95 942 224 977 posse:
253 943 330 967 non
348 930 386 967 in
407 930 558 967 Ciliciae
584 929 776 980 angustiiS,
797 934 835 967 et
861 930 970 967 inviis
997 931 1160 976 callibus,
1190 931 1255 967 sed

96 984 133 1019 in
161 988 289 1032 aperta
316 988 353 1021 et
387 984 463 1022 lata
487 983 640 1033 planitie
675 983 925 1020 dimicandum
951 983 1043 1021 fore.
1116 983 1254 1022 Omnes

95 1037 209 1074 ferme
265 1037 501 1075 Parmenioni
545 1037 824 1075 assentiebant:
881 1037 1112 1087 Polypercon
1156 1037 1256 1074 haud

39 1114 43 1118 -
96 1090 209 1127 dubie
232 1089 273 1126 in
300 1103 343 1128 eo
379 1091 533 1129 consilio
564 1091 723 1139 positam
759 1091 952 1128 victoriam
988 1091 1252 1129 arbitrabatur.

98 1144 219 1189 Quem
245 1142 394 1181 intuens
413 1157 478 1181 rex
499 1143 672 1194 (namque
691 1143 973 1181 Parmenionem
1000 1158 1118 1194 nuper
1136 1145 1255 1182 acrius

95 1209 204 1245 quam
238 1197 348 1235 vellet
374 1198 606 1247 increpitum,
635 1210 761 1235 rursus
789 1198 968 1246 castigare
994 1211 1071 1235 non
1098 1198 1255 1236 sustine-

94 1249 188 1302 bat),
219 1253 229 1271 ‘
244 1250 579 1297 Latrunculorum,'
606 1251 739 1300 inquit,
770 1254 780 1271 ‘
799 1257 836 1288 et
863 1251 984 1289 furum
1013 1251 1084 1290 ista
1109 1252 1255 1289 solertia

94 1310 161 1350 est,
186 1317 295 1354 quam
313 1305 523 1355 praecipitis
541 1304 654 1342 mihi:
685 1305 822 1354 quippe
840 1305 988 1342 illorum
1015 1311 1143 1343 votum
1171 1306 1254 1342 uni-

96 1371 178 1395 cum
197 1363 260 1396 est·
279 1357 420 1395 fallere.
476 1359 583 1395 Meae
609 1371 696 1396 vero
714 1359 854 1407 gloriae
873 1371 1015 1408 semper
1033 1364 1098 1396 aut
1125 1359 1255 1395 absen-

97 1412 186 1449 tiam
214 1411 332 1457 Darii,
362 1418 427 1450 aut
454 1412 643 1461 angustias
670 1412 846 1458 locorum,
877 1417 942 1450 aut
968 1412 1109 1450 furtum
1137 1413 1256 1449 noctis

95 1466 243 1503 obstare
268 1478 345 1502 non
370 1465 517 1515 patiar:
556 1465 676 1514 palam
704 1466 786 1502 luce
813 1466 961 1514 aggredi
1002 1471 1143 1504 certum
1172 1471 1255 1507 est;

95 1519 191 1556 malo
226 1531 284 1556 me
316 1519 486 1557 fortunae
520 1520 710 1569 poeniteat
747 1532 857 1569 quam
894 1520 1069 1557 victoriae
1104 1519 1256 1568 pudeat.

97 1573 158 1608 Ad
176 1573 266 1610 haec
285 1572 378 1609 illud
405 1585 551 1622 quoque
568 1573 736 1617 accedit;
766 1573 909 1621 vigilias
936 1586 1045 1622 agere
1070 1573 1256 1610 barbaros.

94 1633 131 1664 ct
150 1626 188 1662 in
208 1626 317 1663 armis
335 1632 443 1672 stare,
464 1633 505 1664 ut
524 1639 572 1663 ne
590 1627 709 1676 decipi
738 1627 887 1676 quidem
915 1627 1068 1676 possint,
1090 1639 1255 1676 comper·

94 1685 173 1716 tum
200 1680 331 1717 habeo.
386 1680 517 1730 Itaque
543 1680 591 1717 ad
609 1680 786 1729 praelium
815 1693 879 1717 vos
905 1680 1058 1730 parate?
1113 1680 1174 1718 Sic
1200 1681 1257 1717 in-

93 1733 225 1772 citatos
246 1734 292 1771 ad
312 1745 466 1783 corpora
484 1734 648 1771 curanda
667 1734 822 1772 dimisit.

146 1786 190 1825 L.
220 1787 358 1825 Darius
375 1787 479 1833 illud,
496 1788 596 1837 quod
617 1787 812 1825 Parmenio
831 1793 1006 1833 suaserat,
1020 1787 1165 1826 hostem
1178 1787 1253 1825 fac-

94 1847 219 1878 turum
237 1853 315 1878 esse
342 1840 563 1890 conjectans,
592 1841 777 1880 fraenatos
805 1854 916 1891 equos
936 1847 1046 1887 stare,
1072 1854 1255 1889 magnam-

93 1907 164 1942 que
182 1894 363 1932 exercitus
381 1901 524 1945 partem
541 1895 581 1932 in
600 1895 709 1932 armis
723 1908 812 1939 esse,
832 1908 875 1932 ac
894 1895 1037 1944 vigilias
1055 1895 1255 1933 intentiore

94 1961 182 1985 cura
209 1948 344 1986 servari
364 1948 537 1997 jusserat.
607 1949 709 1997 Ergo
736 1949 885 1997 ignibus
919 1954 1000 1986 tota
1023 1948 1102 1998 ejus
1137 1953 1256 1986 castra

94 2001 301 2046 fulgebant.
353 2002 439 2052 Ipse
465 2015 549 2040 cum
568 2003 724 2040 ducibus
743 2002 1032 2052 propinquisque
1050 2002 1199 2051 agmina
1215 2002 1255 2039 in

96 2055 205 2092 armis
223 2055 399 2093 stantium
418 2055 633 2094 circumibat
652 2069 661 2100 ;
691 2056 812 2094 Solem
832 2055 1011 2102 Mithren,
1040 2069 1255 2105 sacrumque

95 2115 133 2146 et
159 2115 350 2146 aeternum
366 2109 541 2147 invocans
559 2110 695 2159 ignem,
715 2115 758 2148 ut
771 2110 842 2147 illis
862 2110 1013 2159 dignam
1032 2114 1156 2148 vetere
1173 2110 1254 2159 glo-

96 2162 161 2208 ria,
182 2161 434 2212 majorumque
460 2163 695 2202 monimentis
722 2163 978 2202 fortitudinem
1003 2163 1225 2213 inspirarent
1247 2178 1253 2200 z

98 2215 148 2253 Et
175 2215 352 2264 profectO,
372 2216 404 2253 si
420 2229 493 2265 qua
510 2217 657 2255 divinae
675 2217 754 2267 opis
773 2217 928 2266 auguria
946 2217 1107 2254 humana
1133 2223 1257 2255 mente

94 2269 238 2318 concipi
256 2274 416 2318 possent,
436 2269 525 2307 deos
543 2275 640 2308 stare
658 2283 783 2309 secum
801 2284 810 2316 ;
840 2271 923 2308 iHos
942 2283 1061 2320 nuper
1079 2270 1253 2308 Macedo-

96 2335 185 2359 num
203 2323 333 2360 animis
351 2322 511 2361 subitam
522 2323 717 2366 incussisse
733 2325 968 2362 formidinem
989 2337 996 2362 :
1019 2324 1140 2362 adhuc
1158 2324 1253 2373 lym-

97 2376 227 2424 phatos
244 2376 331 2414 ferri
357 2376 503 2427 agique,
524 2389 625 2415 arma
637 2376 841 2427 jacientes:
872 2382 1044 2428 expetere
1069 2377 1253 2428 praesides
