1496 2671
306 153 356 191 24
602 151 794 198 QUINTI
822 149 1010 189 CURTII
1037 148 1170 188 RUFI

305 261 378 299 tari
404 259 539 297 deinde
575 259 711 297 amieos
738 258 867 308 quibus
905 258 1063 296 maxime
1090 262 1298 296 assueverat
1327 255 1466 307 jussitz

307 314 441 363 quippe
469 325 612 351 summa
637 313 819 351 duntaxat
838 312 932 350 cutis
958 313 998 349 in
1024 312 1163 349 femore
1180 311 1375 361 perstricta
1391 323 1468 350 non

304 367 526 417 prohibebat
544 367 720 405 interesse
738 366 906 403 convivio
922 380 931 410 3
960 378 1072 414 quum
1089 371 1242 415 repente
1261 378 1282 403 e
1298 365 1468 415 proximo

305 421 543 459 tabernaculo
561 421 726 470 lugubris
744 421 893 465 clamor,
914 421 1070 457 barbaro
1088 419 1229 457 ululatu
1247 419 1470 469 planctuque

304 475 514 524 permistus,
548 475 738 524 epulantes
773 474 982 512 conterruit.
1040 473 1182 510 Cohors
1200 484 1342 521 quoque
1377 484 1471 521 quae

307 529 512 566 excubabat
530 529 578 565 ad
596 528 874 566 tabernaculum
892 528 1003 576 regis,
1017 526 1136 564 verita
1153 539 1201 564 ne
1220 527 1368 576 majoris
1387 538 1467 564 mo-

304 588 366 620 tus
383 582 603 632 principium
617 587 723 627 esset,
745 593 886 618 armare
905 593 944 618 se
963 585 1146 629 coeperat.
1203 580 1325 618 Causa
1351 593 1466 630 pavo-

306 637 357 673 ris
375 636 487 674 subiti
504 636 585 682 fuit,
615 635 713 683 quod
735 640 850 672 mater
869 646 1031 682 uxorque
1051 634 1169 679 Darii,
1198 646 1282 672 cum
1310 634 1466 684 captivis

307 690 521 728 mulieribus
564 690 760 733 nobilibus,
799 699 937 737 regem,
976 699 1082 736 quem
1120 687 1357 727 interfectum
1389 699 1467 725 esse

307 744 519 789 credebant,
540 743 685 792 ingenti
703 742 844 791 gemitu
871 741 1080 790 ejulatuque
1107 741 1306 780 deflebant.
1362 741 1469 778 Unus

306 810 465 846 namque
497 811 518 835 e
545 798 695 847 captivis
718 795 953 845 spadonibus,
982 796 1044 843 qui
1070 794 1167 832 forte
1193 801 1280 834 ante
1305 795 1468 844 ipsarum

304 852 584 889 tabernaculum
619 856 784 895 steterat,
804 849 1014 894 amiculum,
1045 848 1144 897 quod
1174 848 1323 894 Darius,
1363 848 1472 899 (sieut

306 906 414 953 paulo
443 910 529 943 ante
556 905 694 942 dietum
724 902 795 953 est)
825 915 872 940 ne
898 903 998 941 cultu
1025 902 1255 952 proderetur,
1276 903 1470 952 abjecerat,

307 960 346 995 in
374 959 543 995 manibus
572 957 650 1006 ejus
677 957 737 1005 qui
764 962 951 1006 repertum
978 956 1131 1002 ferebat,
1147 956 1324 1004 agnovit3
1352 962 1471 994 ratus-

307 1025 376 1060 que
402 1012 598 1050 interfecto
625 1012 830 1049 detractum
851 1023 940 1054 esse,
968 1010 1100 1047 falsum
1137 1009 1313 1047 nuncium
1341 1011 1471 1048 mortis

307 1067 384 1115 ejus
404 1066 592 1104 attulerat.
646 1064 732 1102 Hoc
761 1065 952 1101 mulierum
981 1076 1105 1101 errore
1124 1069 1326 1113 comperto,
1354 1063 1468 1101 Alex-

306 1120 421 1157 ander
447 1120 617 1158 fortunae
635 1119 742 1156 Darii
769 1123 806 1156 et
825 1118 956 1168 pietati
983 1129 1108 1154 earum
1135 1117 1383 1167 illacrymasse
1399 1117 1471 1155 fer·

308 1182 381 1212 tur.
453 1174 510 1210 Ac
553 1174 673 1223 primo
709 1172 946 1217 Mithrenem,
984 1170 1045 1219 qui
1082 1170 1216 1208 Sardes
1251 1171 1468 1218 tradiderat,

305 1224 463 1277 peritum
486 1228 653 1264 Persicae
678 1226 836 1275 linguae,
856 1226 910 1262 ire
928 1225 975 1262 ad
1002 1224 1243 1262 consolandas
1268 1237 1330 1262 eas
1351 1224 1470 1274 jusse-

306 1287 375 1319 rat.
431 1281 582 1319 Veritus
597 1281 741 1325 deinde,
763 1292 810 1316 ne
825 1279 992 1328 proditor
1011 1279 1238 1327 captivarum
1252 1279 1345 1316 iram
1362 1279 1468 1316 dolo-

305 1347 455 1383 remque
480 1342 660 1383 gravaret,
683 1333 917 1371 Leonnatum
946 1345 991 1369 ex
1018 1332 1230 1381 purpuratis
1255 1332 1329 1370 suis
1356 1332 1468 1377 misit,

303 1389 447 1438 jussum
482 1389 658 1433 indicare,
694 1387 785 1424 falso
825 1386 1020 1424 lamentari
1051 1398 1111 1423 eas
1145 1385 1300 1423 Darium
1329 1387 1465 1423 vivum.

307 1443 375 1480 Ille
390 1455 472 1480 eum
493 1442 616 1492 paucis
644 1442 833 1489 armigeris
853 1442 890 1477 in
909 1439 1199 1485 tabernaculum,
1227 1440 1266 1476 in
1294 1451 1365 1488 quo
1384 1452 1469 1489 eap-

305 1498 404 1534 tivae
442 1502 558 1541 erant,
593 1495 771 1545 pervenit,
805 1495 1028 1541 missumque
1055 1506 1077 1531 a
1103 1505 1191 1542 rege
1228 1506 1266 1531 se
1301 1494 1468 1531 nunciari

300 1551 420 1599 jubet.
475 1551 528 1588 At
546 1550 572 1586 ii
591 1550 652 1597 qui
671 1549 710 1585 in
729 1548 910 1586 vestibulo
924 1554 1043 1593 erant,
1062 1552 1103 1585 ut
1117 1552 1278 1586 armatos
1291 1560 1468 1598 conspex-

307 1617 379 1649 ere,
400 1604 471 1642 rati
499 1610 621 1641 actum
650 1615 728 1639 esse
747 1602 793 1639 de
813 1602 984 1647 dominiS,
1011 1602 1051 1637 in
1078 1601 1357 1638 tabernaculum
1385 1614 1469 1638 cur-

305 1663 407 1703 runt,
428 1658 680 1701 vociferantes,
709 1656 836 1693 adesse
862 1666 1069 1703 supremam
1097 1655 1238 1700 horam,
1269 1655 1468 1703 missosque

306 1713 368 1759 qui
395 1711 606 1749 occiderent
625 1716 761 1759 captas.
835 1709 974 1756 Itaque,
994 1713 1035 1746 ut
1062 1720 1155 1756 quae
1181 1721 1249 1745 nec
1274 1708 1469 1757 prohibere

305 1772 466 1815 possent,
496 1777 563 1802 nee
590 1764 787 1801 admittere
813 1763 1005 1807 auderent,
1034 1762 1136 1798 nullo
1162 1774 1338 1811 responso
1365 1763 1467 1807 dato,

307 1819 442 1857 tacitae
477 1819 761 1868 opperiebantur
795 1817 943 1854 victoris
971 1816 1177 1853 arbitrium.
1242 1815 1468 1861 Leonnatus,

308 1878 503 1923 expectato
530 1872 595 1908 diu
622 1872 683 1919 qui
710 1883 748 1908 se
775 1870 1055 1915 intromitteret,
1093 1874 1331 1919 posteaquam
1358 1882 1468 1908 nemo

308 1927 508 1976 procedere
526 1926 698 1968 audebat,
717 1925 854 1962 relictis
872 1924 911 1960 in
939 1923 1124 1961 vestibulo
1152 1923 1383 1969 satellitibus,
1411 1924 1467 1961 in-

308 1986 383 2018 trat
397 1982 437 2017 in
455 1979 745 2019 tabernaculum.
803 1978 858 2014 Ea
885 1978 963 2027 ipsa
983 1990 1040 2014 res
1068 1977 1282 2015 turbaverat
1299 1977 1468 2024 feminas,

307 2035 407 2083 quod
434 2034 611 2084 irrupisee
638 2045 711 2070 non
740 2031 918 2069 admissus
943 2031 1149 2068 videbatur.
1206 2031 1336 2080 Itaque
1354 2037 1471 2070 mater

308 2094 346 2126 et
361 2088 497 2136 conjux
515 2087 730 2136 provolutae
749 2086 797 2122 ad
815 2085 927 2135 pedes
945 2097 1049 2121 orare
1068 2090 1281 2133 coeperunt,
1310 2089 1363 2130 ut,
1393 2086 1467 2135 pri-

307 2154 464 2191 usquam
491 2141 797 2185 inteificerentur,
826 2139 930 2175 Dalii
956 2150 1089 2187 empus
1116 2138 1203 2187 ipsis
1222 2138 1342 2188 patrio
1368 2151 1470 2176 more

310 2196 463 2256 sepelire
481 2195 738 2243 permitteret:
767 2193 911 2229 functas
930 2204 1101 2241 supremo
1119 2192 1158 2228 in
1184 2204 1310 2241 regem
1337 2191 1466 2237 officio,

310 2263 347 2286 se
375 2249 530 2298 impigre
566 2248 770 2285 moritui-,as
827 2246 1054 2291 Leonnatus,
1072 2250 1109 2283 et
1137 2246 1259 2283 vivere
1295 2245 1465 2289 Darium,

309 2308 347 2340 et
374 2303 470 2351 ipsas
489 2314 565 2338 non
583 2301 784 2338 incolumes
812 2301 935 2345 modo,
955 2300 1021 2336 sed
1039 2300 1150 2338 etiam
1169 2306 1348 2349 apparatu
1374 2299 1466 2348 pris-

308 2357 409 2394 tinae
434 2356 604 2392 fortunae
622 2355 762 2402 reginas
780 2354 871 2391 fore.
926 2353 1023 2391 Tum
1052 2359 1169 2392 mater
1196 2352 1303 2391 Darii
1319 2351 1468 2390 allevari

307 2423 345 2448 se
363 2421 468 2461 passa
487 2415 555 2448 est.
