1496 2671
253 148 300 189 “52
547 150 738 196 QUINTI
767 149 958 188 CURTII
985 150 1117 189 RUFI

249 272 359 308 quam
378 258 508 306 auriga
528 257 646 303 Darii,
662 259 725 308 qui
743 263 830 298 ante
840 260 960 309 ipsum
975 260 1107 298 sedens
1121 271 1232 308 equos
1245 262 1410 310 regebat,

247 313 354 351 hasta
372 312 572 351 transfixus
588 317 644 350 est
659 326 668 357 ;
697 325 766 350 nec
784 319 850 351 aut
869 313 1004 351 Persae
1021 320 1087 353 aut
1105 314 1328 352 Macedones
1341 315 1411 353 du-

250 367 421 411 bitavere,
461 366 550 414 quin
575 366 654 415 ipse
680 379 747 403 rex
774 372 869 405 esset
896 367 1047 405 occisus.
1119 367 1291 417 Lugubri
1317 381 1409 418 ergo

246 420 392 457 ululatu
411 424 449 458 et
467 420 658 457 incondito
670 420 828 458 clamore
845 422 1059 470 gemituque
1072 426 1191 460 totam
1207 422 1283 459 fere
1294 423 1409 460 aciem

246 473 368 511 adhuc
386 486 504 522 aequo
523 472 646 511 Marte
663 475 912 523 pugnantium
923 476 1120 512 turbavere
1131 476 1283 524 cognati
1301 476 1408 513 Darii

246 534 283 565 et
311 528 483 576 armigeri
501 540 511 572 3
539 527 716 576 laevoque
742 540 858 565 cornu
883 529 923 564 in
941 528 1068 577 fugam
1085 529 1211 576 effuso,
1231 530 1409 568 destitueu

246 586 331 619 rant
359 594 537 626 currum;
566 593 674 630 quem
702 594 724 618 a
742 582 876 619 dextra
902 586 1007 631 parte
1034 582 1161 632 stipati
1187 584 1228 620 in
1245 584 1406 620 medium

246 648 380 683 agmen
406 640 636 684 receperunt.
694 635 843 672 Dicitur
858 636 1004 672 acinace
1031 637 1161 674 stricto
1179 636 1318 674 Darius
1337 638 1406 674 du-

246 689 391 735 bitasse,
413 702 461 727 an
479 689 589 738 fugae
617 689 778 726 dedecus
806 689 962 727 honesta
988 694 1116 727 morte>
1132 690 1278 728 vitaret.
1335 690 1406 728 Sed

245 743 409 780 eminens
436 756 547 780 curru
575 743 741 779 nondum
769 755 916 779 omnem
942 754 1094 780 suorum
1130 743 1244 781 aciem
1270 745 1409 794 praelio

242 797 485 834 excedentem
512 797 716 834 destituere
743 797 998 834 erubescebat.
1052 796 1156 834 Dum
1182 797 1281 835 inter
1307 811 1408 847 spem

241 856 279 888 et
307 851 602 900 desperationem
632 850 801 894 haesitat,
831 850 966 887 sensim
995 850 1130 888 Persae
1155 851 1349 897 cedebant,
1370 859 1407 889 et

239 904 456 941 laxaverant
484 904 645 940 ordines.
721 904 938 941 Alexander
964 909 1109 942 mutato
1136 917 1242 954 equo,
1271 905 1407 955 quippe

238 958 361 1006 plures
396 958 630 1006 fatigaverat,
668 957 918 995 resistentium
955 958 1109 995 adversa
1135 971 1200 996 ora
1225 958 1401 1005 fodiebat,

239 1011 462 1060 fugientium
480 1019 597 1060 terga.
629 1010 785 1059 Jamque
804 1023 879 1048 non
900 1024 1003 1060 pugn
1014 1024 1046 1058 a,
1068 1012 1133 1049 sed
1151 1012 1281 1049 caedes
1299 1018 1378 1050 erat
1394 1026 1402 1056 ;

240 1077 353 1113 quum
396 1065 535 1101 Darius
562 1076 710 1114 quoque
747 1077 893 1101 currum
921 1077 1026 1102 suum
1053 1066 1093 1102 in
1118 1066 1245 1115 fugam
1273 1066 1401 1104 vertit.

239 1118 431 1156 Haerebat
458 1119 497 1155 in
523 1119 638 1167 tergis
657 1119 881 1167 fugientium
908 1119 1050 1156 victor:
1080 1119 1145 1157 sed
1163 1125 1400 1169 prospectum

239 1173 429 1209 oculorum
448 1173 565 1210 nubes
585 1173 756 1221 pulveris,
773 1185 866 1220 quae
893 1173 942 1209 ad
960 1172 1104 1209 coelum
1122 1173 1321 1219 ferebatur,
1336 1174 1400 1210 ab·

238 1227 393 1264 stulerat
410 1241 417 1264 :
440 1225 523 1274 ergo
542 1226 643 1263 haud
660 1239 765 1264 secus
785 1239 895 1275 quam
913 1225 953 1262 in
972 1226 1134 1264 tenebris
1154 1227 1338 1271 errabant,
1353 1227 1400 1264 ad

238 1281 399 1318 sonitum
419 1286 530 1318 notae
549 1280 659 1326 vocis,
681 1287 724 1318 ut
735 1280 894 1329 signum,
915 1279 1072 1316 subinde
1091 1285 1280 1318 coeuntes.
1321 1279 1397 1317 Ex-

239 1334 487 1372 audiebantur
513 1339 661 1371 tantum
688 1334 863 1382 strepitus
890 1333 1128 1380 habenarum,
1157 1334 1291 1383 quibus
1318 1335 1402 1382 equi

238 1401 387 1425 currum
413 1388 604 1426 trahentes
631 1387 835 1425 identidem
865 1387 1184 1432 verberabantur-3
1213 1387 1304 1424 haec
1322 1388 1399 1425 sola

236 1441 413 1490 fugientis
432 1441 587 1490 vestigia
606 1447 760 1490 excepta
779 1448 880 1478 sunt.

291 1495 377 1532 LX.
408 1494 467 1532 16.
500 1496 555 1532 At
573 1495 611 1530 in
639 1495 744 1532 laevo
774 1494 1023 1531 Macedonum
1045 1506 1173 1540 cornu,
1193 1494 1293 1542 quod
1311 1494 1403 1532 Par-

238 1549 371 1595 menio,
387 1549 481 1586 sicut
494 1554 580 1586 ante
592 1549 733 1586 dictum
753 1554 820 1594 est,
832 1548 1019 1593 tuebatur,
1039 1548 1153 1597 longe
1171 1548 1242 1586 alia
1259 1548 1407 1586 fortuna

238 1603 434 1652 utriusque
460 1603 576 1652 partis
614 1615 672 1639 res
709 1603 922 1651 gerebatur.
978 1602 1163 1647 Mazaeus,
1193 1615 1278 1639 cum
1305 1603 1405 1640 omni

239 1669 389 1693 suorum
409 1657 579 1706 equitatu
598 1656 836 1694 vehementer
854 1657 1035 1700 invectus,
1051 1657 1210 1706 urgebat
1229 1655 1405 1693 Macedo-

237 1723 325 1747 num
344 1711 419 1747 alas
435 1725 443 1747 :
468 1710 618 1759 jamque
637 1710 828 1747 abundans
848 1709 1086 1747 multitudine
1113 1709 1230 1747 aciem
1248 1709 1405 1747 circum-

237 1763 321 1801 vehi
349 1770 533 1814 coeperat,
561 1776 674 1813 quum
704 1763 896 1800 Parmenio
924 1763 1065 1812 equites
1097 1762 1273 1800 nunciare
1293 1762 1402 1812 jubet

238 1817 466 1863 Alexandro,
495 1819 535 1854 in
554 1830 626 1867 quo
654 1817 865 1854 discrimine
892 1817 961 1866 ipsi
988 1822 1141 1861 essent;
1171 1816 1242 1853 nisi
1260 1821 1404 1854 mature

238 1872 506 1917 subveniretur,
528 1884 604 1908 non
623 1884 729 1920 posse
743 1871 822 1908 sisti
841 1872 980 1920 fugam.
1033 1869 1116 1908 Jam
1144 1870 1304 1908 multum
1323 1870 1404 1907 viae

237 1933 475 1975 praeceperat
502 1938 579 1970 rex,
609 1925 803 1962 imminens
830 1924 1049 1973 fugientium
1078 1923 1205 1973 tergiS,
1234 1935 1346 1972 quum
1382 1938 1403 1961 a

239 1980 485 2017 Parmenione
504 1979 621 2017 tristis
640 1979 797 2016 nuncius
815 1979 939 2025 venit3
967 1977 1152 2015 refrenare
1171 1989 1283 2027 equos
1296 1978 1402 2027 jussi,

237 2034 299 2081 qui
326 2034 566 2077 vehebantur,
589 2045 794 2082 agmenque
808 2032 996 2076 constitit3
1026 2031 1222 2069 frendente
1239 2031 1403 2069 Alexan-

237 2088 317 2132 dro,
338 2088 431 2137 eripi
449 2087 518 2123 sibi
545 2086 736 2124 victoriam
763 2099 784 2123 e
813 2086 992 2130 manibus,
1013 2090 1051 2123 et
1079 2085 1236 2123 Darium
1262 2085 1402 2123 felicius

236 2141 376 2189 fugere,
396 2153 506 2189 quam
536 2153 573 2178 se
601 2141 711 2188 sequi.
780 2139 935 2177 Interim
954 2139 1003 2176 ad
1021 2139 1211 2176 Mazaeum
1241 2140 1403 2188 superati

237 2193 335 2243 regis
371 2196 469 2232 fama
504 2199 737 2243 pervenerat.
809 2193 951 2242 Itaque,
990 2205 1209 2242 quamquam
1244 2190 1413 2230 validior

237 2254 328 2293 erat,
348 2249 497 2286 fortuna
507 2254 632 2286 tamen
646 2247 803 2296 partium
817 2247 979 2292 territus,
999 2246 1174 2296 perculsis
1191 2247 1401 2296 languidius

236 2303 412 2340 instabat.
442 2301 639 2339 Parmenio
650 2301 848 2349 ignorabat
863 2301 1012 2349 quidem
1031 2313 1176 2337 causam
1196 2313 1260 2337 sua
1271 2306 1402 2349 sponte

238 2369 384 2405 pugnae
420 2356 620 2399 remissae3
650 2355 716 2392 sed
743 2355 933 2392 occasione
970 2354 1142 2391 vincendi
1170 2360 1317 2392 strenue
1344 2361 1399 2390 est

241 2422 337 2448 usus.
394 2409 590 2447 Thessalos
608 2409 749 2458 equites
769 2409 816 2446 ad
836 2421 874 2446 se
894 2408 1016 2446 vocari
1031 2407 1152 2456 jubet.
1207 2411 1217 2428 ‘
1231 2405 1403 2455 Ecquid,⁷
