<?xml version="1.0" encoding="UTF-8"?>
<!DOCTYPE html PUBLIC "-//W3C//DTD XHTML 1.0 Transitional//EN"
    "http://www.w3.org/TR/xhtml1/DTD/xhtml1-transitional.dtd">
<html xmlns="http://www.w3.org/1999/xhtml" xml:lang="en" lang="en">
 <head>
  <title>
</title>
<meta http-equiv="Content-Type" content="text/html;charset=utf-8" />
  <meta name='ocr-system' content='tesseract 3.04.00' />
  <meta name='ocr-capabilities' content='ocr_page ocr_carea ocr_par ocr_line ocrx_word'/>
</head>
<body>
  <div class='ocr_page' id='page_1' title='image "./curriculumlatinu01mont_0043.png"; bbox 0 0 1496 2671; ppageno 0'>
   <div class='ocr_carea' id='block_1_1' title="bbox 509 213 1313 256">
    <p class='ocr_par' dir='ltr' id='par_1_1' title="bbox 509 213 1313 256">
     <span class='ocr_line' id='line_1_1' title="bbox 509 213 1313 256; baseline 0.004 -4"><span class='ocrx_word' id='word_1_1' title='bbox 509 213 940 253; x_wconf 81' lang='lat' dir='ltr'><strong>EPAMINONDAS.</strong></span> <span class='ocrx_word' id='word_1_2' title='bbox 1263 216 1313 256; x_wconf 84' lang='lat'>37</span> 
     </span>
    </p>
   </div>
   <div class='ocr_carea' id='block_1_2' title="bbox 125 320 1323 905">
    <p class='ocr_par' dir='ltr' id='par_1_2' title="bbox 125 320 1323 905">
     <span class='ocr_line' id='line_1_2' title="bbox 127 320 1317 372; baseline -0.006 -6"><span class='ocrx_word' id='word_1_3' title='bbox 127 325 240 366; x_wconf 80' lang='lat' dir='ltr'>caede</span> <span class='ocrx_word' id='word_1_4' title='bbox 260 322 371 369; x_wconf 69' lang='lat' dir='ltr'>saeta,</span> <span class='ocrx_word' id='word_1_5' title='bbox 393 323 601 372; x_wconf 83' lang='lat' dir='ltr'>multisque</span> <span class='ocrx_word' id='word_1_6' title='bbox 621 322 766 367; x_wconf 82' lang='lat' dir='ltr'>occisis,</span> <span class='ocrx_word' id='word_1_7' title='bbox 788 321 996 359; x_wconf 81' lang='lat' dir='ltr'>fortissime</span> <span class='ocrx_word' id='word_1_8' title='bbox 1015 323 1140 372; x_wconf 65' lang='lat' dir='ltr'>ipsum</span> <span class='ocrx_word' id='word_1_9' title='bbox 1161 320 1317 371; x_wconf 89' lang='lat' dir='ltr'>Epami-</span> 
     </span>
     <span class='ocr_line' id='line_1_3' title="bbox 125 375 1318 427; baseline -0.003 -10"><span class='ocrx_word' id='word_1_10' title='bbox 125 380 290 418; x_wconf 84' lang='lat' dir='ltr'>nondam</span> <span class='ocrx_word' id='word_1_11' title='bbox 322 383 571 427; x_wconf 80' lang='lat' dir='ltr'><strong>pugnantem,</strong></span> <span class='ocrx_word' id='word_1_12' title='bbox 602 389 713 425; x_wconf 84' lang='lat' dir='ltr'>sparo</span> <span class='ocrx_word' id='word_1_13' title='bbox 747 375 896 412; x_wconf 88' lang='lat' dir='ltr'>eminus</span> <span class='ocrx_word' id='word_1_14' title='bbox 925 389 1159 424; x_wconf 80' lang='lat' dir='ltr'>percussum,</span> <span class='ocrx_word' id='word_1_15' title='bbox 1190 378 1318 414; x_wconf 83' lang='lat' dir='ltr'>conci-</span> 
     </span>
     <span class='ocr_line' id='line_1_4' title="bbox 125 429 1319 478; baseline -0.003 -8"><span class='ocrx_word' id='word_1_16' title='bbox 125 435 215 470; x_wconf 82' lang='lat' dir='ltr'>dere</span> <span class='ocrx_word' id='word_1_17' title='bbox 234 432 426 468; x_wconf 86' lang='lat' dir='ltr'>viderunt.</span> <span class='ocrx_word' id='word_1_18' title='bbox 484 429 614 478; x_wconf 88' lang='lat' dir='ltr'>Hujus</span> <span class='ocrx_word' id='word_1_19' title='bbox 633 442 723 466; x_wconf 83' lang='lat' dir='ltr'>casu</span> <span class='ocrx_word' id='word_1_20' title='bbox 752 429 991 476; x_wconf 80' lang='lat' dir='ltr'>aliquantum</span> <span class='ocrx_word' id='word_1_21' title='bbox 1020 430 1203 467; x_wconf 79' lang='lat' dir='ltr'>retardati</span> <span class='ocrx_word' id='word_1_22' title='bbox 1227 439 1319 468; x_wconf 82' lang='lat' dir='ltr'>sunt</span> 
     </span>
     <span class='ocr_line' id='line_1_5' title="bbox 125 483 1318 533; baseline -0.002 -10"><span class='ocrx_word' id='word_1_23' title='bbox 125 484 284 530; x_wconf 90' lang='lat' dir='ltr'>Boeotii,</span> <span class='ocrx_word' id='word_1_24' title='bbox 306 497 430 533; x_wconf 91' lang='lat' dir='ltr'>neque</span> <span class='ocrx_word' id='word_1_25' title='bbox 455 490 582 521; x_wconf 87' lang='lat' dir='ltr'>tamen</span> <span class='ocrx_word' id='word_1_26' title='bbox 611 483 719 531; x_wconf 88' lang='lat' dir='ltr'>prius</span> <span class='ocrx_word' id='word_1_27' title='bbox 748 485 880 531; x_wconf 68' lang='lat' dir='ltr'>pugna</span> <span class='ocrx_word' id='word_1_28' title='bbox 910 490 1170 529; x_wconf 80' lang='lat' dir='ltr'>excesserunt,</span> <span class='ocrx_word' id='word_1_29' title='bbox 1204 496 1318 532; x_wconf 88' lang='lat' dir='ltr'>quam</span> 
     </span>
     <span class='ocr_line' id='line_1_6' title="bbox 125 534 1320 589; baseline -0.002 -12"><span class='ocrx_word' id='word_1_30' title='bbox 125 545 385 589; x_wconf 82' lang='lat' dir='ltr'>repugnantes</span> <span class='ocrx_word' id='word_1_31' title='bbox 428 537 694 586; x_wconf 77' lang='lat' dir='ltr'>profligarunt.</span> <span class='ocrx_word' id='word_1_32' title='bbox 753 534 809 572; x_wconf 81' lang='lat' dir='ltr'>At</span> <span class='ocrx_word' id='word_1_33' title='bbox 855 536 1154 584; x_wconf 82' lang='lat' dir='ltr'>Epaminondas,</span> <span class='ocrx_word' id='word_1_34' title='bbox 1200 550 1320 585; x_wconf 89' lang='lat' dir='ltr'>quum</span> 
     </span>
     <span class='ocr_line' id='line_1_7' title="bbox 127 589 1319 639; baseline -0.002 -9"><span class='ocrx_word' id='word_1_35' title='bbox 127 593 450 631; x_wconf 84' lang='lat' dir='ltr'>animadverteret</span> <span class='ocrx_word' id='word_1_36' title='bbox 469 590 707 628; x_wconf 79' lang='lat' dir='ltr'>mortiferum</span> <span class='ocrx_word' id='word_1_37' title='bbox 729 603 768 626; x_wconf 83' lang='lat' dir='ltr'>se</span> <span class='ocrx_word' id='word_1_38' title='bbox 788 589 928 626; x_wconf 83' lang='lat' dir='ltr'>vulnus</span> <span class='ocrx_word' id='word_1_39' title='bbox 954 590 1155 639; x_wconf 80' lang='lat' dir='ltr'>accepisse,</span> <span class='ocrx_word' id='word_1_40' title='bbox 1186 591 1319 628; x_wconf 87' lang='lat' dir='ltr'>simul-</span> 
     </span>
     <span class='ocr_line' id='line_1_8' title="bbox 126 643 1319 696; baseline -0.001 -13"><span class='ocrx_word' id='word_1_41' title='bbox 126 659 212 696; x_wconf 85' lang='lat' dir='ltr'>que,</span> <span class='ocrx_word' id='word_1_42' title='bbox 235 646 267 683; x_wconf 87' lang='lat' dir='ltr'>si</span> <span class='ocrx_word' id='word_1_43' title='bbox 285 646 441 689; x_wconf 88' lang='lat' dir='ltr'>serrum,</span> <span class='ocrx_word' id='word_1_44' title='bbox 462 643 560 693; x_wconf 84' lang='lat' dir='ltr'>quod</span> <span class='ocrx_word' id='word_1_45' title='bbox 583 656 632 680; x_wconf 83' lang='lat' dir='ltr'>ex</span> <span class='ocrx_word' id='word_1_46' title='bbox 658 643 788 680; x_wconf 84' lang='lat' dir='ltr'>hastili</span> <span class='ocrx_word' id='word_1_47' title='bbox 816 643 856 679; x_wconf 89' lang='lat' dir='ltr'>in</span> <span class='ocrx_word' id='word_1_48' title='bbox 885 655 1043 692; x_wconf 84' lang='lat' dir='ltr'>corpore</span> <span class='ocrx_word' id='word_1_49' title='bbox 1071 652 1319 691; x_wconf 79' lang='lat' dir='ltr'>remanserat,</span> 
     </span>
     <span class='ocr_line' id='line_1_9' title="bbox 127 697 1322 745; baseline -0.002 -8"><span class='ocrx_word' id='word_1_50' title='bbox 127 699 373 743; x_wconf 83' lang='lat' dir='ltr'>extraxisset,</span> <span class='ocrx_word' id='word_1_51' title='bbox 392 698 558 735; x_wconf 89' lang='lat' dir='ltr'>animam</span> <span class='ocrx_word' id='word_1_52' title='bbox 577 697 706 734; x_wconf 82' lang='lat' dir='ltr'>statim</span> <span class='ocrx_word' id='word_1_53' title='bbox 737 697 980 741; x_wconf 85' lang='lat' dir='ltr'>amissurum,</span> <span class='ocrx_word' id='word_1_54' title='bbox 1009 709 1130 745; x_wconf 86' lang='lat' dir='ltr'>usque</span> <span class='ocrx_word' id='word_1_55' title='bbox 1158 710 1203 734; x_wconf 91' lang='lat' dir='ltr'>eo</span> <span class='ocrx_word' id='word_1_56' title='bbox 1232 699 1322 735; x_wconf 85' lang='lat' dir='ltr'>reti-</span> 
     </span>
     <span class='ocr_line' id='line_1_10' title="bbox 127 748 1322 801; baseline -0.001 -11"><span class='ocrx_word' id='word_1_57' title='bbox 127 754 224 798; x_wconf 89' lang='lat' dir='ltr'>nuit,</span> <span class='ocrx_word' id='word_1_58' title='bbox 245 753 369 801; x_wconf 88' lang='lat' dir='ltr'>quoad</span> <span class='ocrx_word' id='word_1_59' title='bbox 388 752 652 788; x_wconf 87' lang='lat' dir='ltr'>renuntiatum</span> <span class='ocrx_word' id='word_1_60' title='bbox 673 757 740 795; x_wconf 80' lang='lat' dir='ltr'>est,</span> <span class='ocrx_word' id='word_1_61' title='bbox 763 751 900 787; x_wconf 82' lang='lat' dir='ltr'>vicisse</span> <span class='ocrx_word' id='word_1_62' title='bbox 921 749 1113 788; x_wconf 87' lang='lat' dir='ltr'>Boeotios.</span> <span class='ocrx_word' id='word_1_63' title='bbox 1154 748 1198 787; x_wconf 82' lang='lat' dir='ltr'>Id</span> <span class='ocrx_word' id='word_1_64' title='bbox 1217 759 1322 800; x_wconf 87' lang='lat' dir='ltr'>post-</span> 
     </span>
     <span class='ocr_line' id='line_1_11' title="bbox 127 804 1323 857; baseline -0.002 -13"><span class='ocrx_word' id='word_1_65' title='bbox 127 820 240 857; x_wconf 87' lang='lat' dir='ltr'>quam</span> <span class='ocrx_word' id='word_1_66' title='bbox 262 805 423 850; x_wconf 83' lang='lat' dir='ltr'>audivit,</span> <span class='ocrx_word' id='word_1_67' title='bbox 446 804 562 849; x_wconf 78' lang='lat' dir='ltr'>Satis,</span> <span class='ocrx_word' id='word_1_68' title='bbox 579 804 717 852; x_wconf 81' lang='lat' dir='ltr'>inquit,</span> <span class='ocrx_word' id='word_1_69' title='bbox 738 804 818 840; x_wconf 67' lang='lat' dir='ltr'>vixi</span> <span class='ocrx_word' id='word_1_70' title='bbox 835 819 845 847; x_wconf 87' lang='lat'><em>3</em></span> <span class='ocrx_word' id='word_1_71' title='bbox 865 804 1032 840; x_wconf 75' lang='lat' dir='ltr'>invictus</span> <span class='ocrx_word' id='word_1_72' title='bbox 1049 805 1147 840; x_wconf 77' lang='lat' dir='ltr'>enim</span> <span class='ocrx_word' id='word_1_73' title='bbox 1166 807 1323 842; x_wconf 78' lang='lat' dir='ltr'>morior⁰</span> 
     </span>
     <span class='ocr_line' id='line_1_12' title="bbox 130 857 1147 905; baseline -0.001 -8"><span class='ocrx_word' id='word_1_74' title='bbox 130 861 244 905; x_wconf 82' lang='lat' dir='ltr'>Tum,</span> <span class='ocrx_word' id='word_1_75' title='bbox 265 860 367 897; x_wconf 87' lang='lat' dir='ltr'>ferro</span> <span class='ocrx_word' id='word_1_76' title='bbox 387 864 572 903; x_wconf 79' lang='lat' dir='ltr'>extracto,</span> <span class='ocrx_word' id='word_1_77' title='bbox 594 857 795 895; x_wconf 85' lang='lat' dir='ltr'>confestim</span> <span class='ocrx_word' id='word_1_78' title='bbox 816 858 1059 895; x_wconf 82' lang='lat' dir='ltr'>exanimatus</span> <span class='ocrx_word' id='word_1_79' title='bbox 1079 865 1147 896; x_wconf 84' lang='lat' dir='ltr'>est.</span> 
     </span>
    </p>
   </div>
   <div class='ocr_carea' id='block_1_3' title="bbox 133 995 1327 1100">
    <p class='ocr_par' dir='ltr' id='par_1_3' title="bbox 133 995 1327 1100">
     <span class='ocr_line' id='line_1_13' title="bbox 133 995 1327 1048; baseline -0.002 -10"><span class='ocrx_word' id='word_1_80' title='bbox 133 999 219 1038; x_wconf 74' lang='lat' dir='ltr'>CAP</span> <span class='ocrx_word' id='word_1_81' title='bbox 248 1000 300 1037; x_wconf 77' lang='lat' dir='ltr'>X.</span> <span class='ocrx_word' id='word_1_82' title='bbox 358 998 658 1048; x_wconf 75' lang='lat' dir='ltr'>Epaminondae</span> <span class='ocrx_word' id='word_1_83' title='bbox 677 995 890 1035; x_wconf 52' lang='lat' dir='ltr'>caelibatus</span> <span class='ocrx_word' id='word_1_84' title='bbox 917 998 1136 1034; x_wconf 71' lang='lat' dir='ltr'>criminatio</span> <span class='ocrx_word' id='word_1_85' title='bbox 1169 998 1327 1043; x_wconf 58' lang='lat' dir='ltr'>dilutum</span> 
     </span>
     <span class='ocr_line' id='line_1_14' title="bbox 264 1049 1177 1100; baseline -0.002 -10"><span class='ocrx_word' id='word_1_86' title='bbox 264 1053 403 1090; x_wconf 79' lang='lat' dir='ltr'>horror</span> <span class='ocrx_word' id='word_1_87' title='bbox 422 1065 446 1088; x_wconf 80' lang='grc' dir='ltr'>ιι</span> <span class='ocrx_word' id='word_1_88' title='bbox 466 1051 569 1088; x_wconf 72' lang='lat' dir='ltr'>civili</span> <span class='ocrx_word' id='word_1_89' title='bbox 588 1049 773 1087; x_wconf 57' lang='lat' dir='ltr'>victorici:</span> <span class='ocrx_word' id='word_1_90' title='bbox 802 1049 1021 1087; x_wconf 72' lang='lat' dir='ltr'>Thebarum</span> <span class='ocrx_word' id='word_1_91' title='bbox 1037 1051 1177 1100; x_wconf 71' lang='lat' dir='ltr'>qloria.</span> 
     </span>
    </p>
   </div>
   <div class='ocr_carea' id='block_1_4' title="bbox 132 1126 1337 2301">
    <p class='ocr_par' dir='ltr' id='par_1_4' title="bbox 132 1126 1337 2301">
     <span class='ocr_line' id='line_1_15' title="bbox 133 1126 1327 1177; baseline 0 -11"><span class='ocrx_word' id='word_1_92' title='bbox 133 1127 213 1166; x_wconf 78' lang='lat' dir='ltr'>Hic</span> <span class='ocrx_word' id='word_1_93' title='bbox 234 1140 394 1165; x_wconf 87' lang='lat' dir='ltr'>uxorem</span> <span class='ocrx_word' id='word_1_94' title='bbox 415 1138 611 1174; x_wconf 84' lang='lat' dir='ltr'>nunquam</span> <span class='ocrx_word' id='word_1_95' title='bbox 631 1126 745 1162; x_wconf 76' lang='lat' dir='ltr'>duxit</span> <span class='ocrx_word' id='word_1_96' title='bbox 765 1140 776 1170; x_wconf 91' lang='lat'>;</span> <span class='ocrx_word' id='word_1_97' title='bbox 805 1126 845 1162; x_wconf 90' lang='lat' dir='ltr'>in</span> <span class='ocrx_word' id='word_1_98' title='bbox 873 1139 950 1175; x_wconf 88' lang='lat' dir='ltr'>quo</span> <span class='ocrx_word' id='word_1_99' title='bbox 977 1139 1097 1175; x_wconf 90' lang='lat' dir='ltr'>quum</span> <span class='ocrx_word' id='word_1_100' title='bbox 1116 1128 1327 1177; x_wconf 63' lang='lat' dir='ltr'>reprehene·</span> 
     </span>
     <span class='ocr_line' id='line_1_16' title="bbox 132 1179 1329 1229; baseline 0 -10"><span class='ocrx_word' id='word_1_101' title='bbox 132 1184 288 1220; x_wconf 89' lang='lat' dir='ltr'>deretur</span> <span class='ocrx_word' id='word_1_102' title='bbox 307 1194 329 1218; x_wconf 85' lang='lat' dir='ltr'>a</span> <span class='ocrx_word' id='word_1_103' title='bbox 347 1180 543 1229; x_wconf 84' lang='lat' dir='ltr'>Pelopida,</span> <span class='ocrx_word' id='word_1_104' title='bbox 564 1179 631 1226; x_wconf 88' lang='lat' dir='ltr'>qui</span> <span class='ocrx_word' id='word_1_105' title='bbox 654 1179 773 1216; x_wconf 85' lang='lat' dir='ltr'>filium</span> <span class='ocrx_word' id='word_1_106' title='bbox 801 1180 967 1217; x_wconf 80' lang='lat' dir='ltr'>habebat</span> <span class='ocrx_word' id='word_1_107' title='bbox 994 1180 1189 1227; x_wconf 84' lang='lat' dir='ltr'>infamem,</span> <span class='ocrx_word' id='word_1_108' title='bbox 1209 1182 1329 1220; x_wconf 90' lang='lat' dir='ltr'>male-</span> 
     </span>
     <span class='ocr_line' id='line_1_17' title="bbox 133 1233 1328 1286; baseline -0.001 -12"><span class='ocrx_word' id='word_1_109' title='bbox 133 1249 210 1286; x_wconf 89' lang='lat' dir='ltr'>que</span> <span class='ocrx_word' id='word_1_110' title='bbox 229 1248 316 1273; x_wconf 90' lang='lat' dir='ltr'>eum</span> <span class='ocrx_word' id='word_1_111' title='bbox 335 1235 376 1271; x_wconf 89' lang='lat' dir='ltr'>in</span> <span class='ocrx_word' id='word_1_112' title='bbox 397 1246 441 1270; x_wconf 94' lang='lat' dir='ltr'>eo</span> <span class='ocrx_word' id='word_1_113' title='bbox 460 1233 609 1282; x_wconf 84' lang='lat' dir='ltr'>patriae</span> <span class='ocrx_word' id='word_1_114' title='bbox 641 1233 840 1270; x_wconf 82' lang='lat' dir='ltr'>consulere</span> <span class='ocrx_word' id='word_1_115' title='bbox 869 1234 1026 1278; x_wconf 82' lang='lat' dir='ltr'>diceret,</span> <span class='ocrx_word' id='word_1_116' title='bbox 1057 1235 1158 1283; x_wconf 89' lang='lat' dir='ltr'>quod</span> <span class='ocrx_word' id='word_1_117' title='bbox 1186 1236 1328 1273; x_wconf 87' lang='lat' dir='ltr'>liberos</span> 
     </span>
     <span class='ocr_line' id='line_1_18' title="bbox 133 1286 1333 1338; baseline -0.002 -11"><span class='ocrx_word' id='word_1_118' title='bbox 133 1302 211 1327; x_wconf 92' lang='lat' dir='ltr'>non</span> <span class='ocrx_word' id='word_1_119' title='bbox 230 1289 467 1337; x_wconf 87' lang='lat' dir='ltr'>relinqueret</span> <span class='ocrx_word' id='word_1_120' title='bbox 487 1301 495 1323; x_wconf 74' lang='grc' dir='ltr'>ε</span> <span class='ocrx_word' id='word_1_121' title='bbox 525 1286 627 1330; x_wconf 77' lang='lat' dir='ltr'>Vide,</span> <span class='ocrx_word' id='word_1_122' title='bbox 649 1287 785 1334; x_wconf 83' lang='lat' dir='ltr'>inquit,</span> <span class='ocrx_word' id='word_1_123' title='bbox 807 1299 854 1322; x_wconf 68' lang='lat' dir='ltr'>‘zze</span> <span class='ocrx_word' id='word_1_124' title='bbox 873 1293 914 1323; x_wconf 75' lang='lat' dir='ltr'>tu</span> <span class='ocrx_word' id='word_1_125' title='bbox 931 1287 1044 1336; x_wconf 75' lang='lat' dir='ltr'>pejus</span> <span class='ocrx_word' id='word_1_126' title='bbox 1062 1288 1246 1334; x_wconf 75' lang='lat' dir='ltr'>consulas,</span> <span class='ocrx_word' id='word_1_127' title='bbox 1263 1290 1333 1338; x_wconf 83' lang='lat' dir='ltr'>qui</span> 
     </span>
     <span class='ocr_line' id='line_1_19' title="bbox 136 1339 1332 1392; baseline -0.001 -12"><span class='ocrx_word' id='word_1_128' title='bbox 136 1343 251 1380; x_wconf 84' lang='lat' dir='ltr'>talem</span> <span class='ocrx_word' id='word_1_129' title='bbox 271 1355 316 1378; x_wconf 80' lang='lat' dir='ltr'>ex</span> <span class='ocrx_word' id='word_1_130' title='bbox 336 1347 370 1378; x_wconf 76' lang='lat' dir='ltr'>te</span> <span class='ocrx_word' id='word_1_131' title='bbox 396 1341 533 1376; x_wconf 79' lang='lat' dir='ltr'>natum</span> <span class='ocrx_word' id='word_1_132' title='bbox 567 1339 772 1376; x_wconf 74' lang='lat' dir='ltr'>relicturus</span> <span class='ocrx_word' id='word_1_133' title='bbox 798 1341 863 1376; x_wconf 78' lang='lat' dir='ltr'>sis.</span> <span class='ocrx_word' id='word_1_134' title='bbox 917 1339 1063 1389; x_wconf 79' lang='lat' dir='ltr'>Neque</span> <span class='ocrx_word' id='word_1_135' title='bbox 1095 1354 1184 1378; x_wconf 75' lang='lat' dir='ltr'>vero</span> <span class='ocrx_word' id='word_1_136' title='bbox 1215 1343 1332 1392; x_wconf 74' lang='lat' dir='ltr'>stirps</span> 
     </span>
     <span class='ocr_line' id='line_1_20' title="bbox 136 1394 1332 1445; baseline 0 -12"><span class='ocrx_word' id='word_1_137' title='bbox 136 1395 229 1433; x_wconf 74' lang='lat' dir='ltr'>mihi</span> <span class='ocrx_word' id='word_1_138' title='bbox 243 1401 366 1445; x_wconf 76' lang='lat' dir='ltr'>potest</span> <span class='ocrx_word' id='word_1_139' title='bbox 383 1394 504 1430; x_wconf 79' lang='lat' dir='ltr'>deesse</span> <span class='ocrx_word' id='word_1_140' title='bbox 516 1409 529 1436; x_wconf 89' lang='lat'><em>;</em></span> <span class='ocrx_word' id='word_1_141' title='bbox 549 1405 714 1442; x_wconf 78' lang='lat' dir='ltr'>namque</span> <span class='ocrx_word' id='word_1_142' title='bbox 733 1406 778 1429; x_wconf 73' lang='lat' dir='ltr'>ex</span> <span class='ocrx_word' id='word_1_143' title='bbox 797 1405 852 1430; x_wconf 83' lang='lat' dir='ltr'>me</span> <span class='ocrx_word' id='word_1_144' title='bbox 877 1400 1011 1430; x_wconf 81' lang='lat' dir='ltr'>natam</span> <span class='ocrx_word' id='word_1_145' title='bbox 1039 1394 1215 1444; x_wconf 78' lang='lat' dir='ltr'>relinquo</span> <span class='ocrx_word' id='word_1_146' title='bbox 1226 1408 1332 1444; x_wconf 71' lang='lat' dir='ltr'>puy-</span> 
     </span>
     <span class='ocr_line' id='line_1_21' title="bbox 136 1447 1336 1498; baseline 0 -12"><span class='ocrx_word' id='word_1_147' title='bbox 136 1462 226 1486; x_wconf 76' lang='lat' dir='ltr'>nam</span> <span class='ocrx_word' id='word_1_148' title='bbox 244 1448 496 1492; x_wconf 79' lang='lat' dir='ltr'>Leuctricam,</span> <span class='ocrx_word' id='word_1_149' title='bbox 529 1459 630 1495; x_wconf 78' lang='lat' dir='ltr'>quae</span> <span class='ocrx_word' id='word_1_150' title='bbox 662 1458 739 1483; x_wconf 76' lang='lat' dir='ltr'>non</span> <span class='ocrx_word' id='word_1_151' title='bbox 769 1447 878 1484; x_wconf 82' lang='lat' dir='ltr'>modo</span> <span class='ocrx_word' id='word_1_152' title='bbox 910 1447 1005 1484; x_wconf 72' lang='lat' dir='ltr'>mihi</span> <span class='ocrx_word' id='word_1_153' title='bbox 1033 1455 1233 1498; x_wconf 76' lang='lat' dir='ltr'>superstes,</span> <span class='ocrx_word' id='word_1_154' title='bbox 1267 1450 1336 1486; x_wconf 79' lang='lat' dir='ltr'>sed</span> 
     </span>
     <span class='ocr_line' id='line_1_22' title="bbox 136 1500 1333 1551; baseline 0 -11"><span class='ocrx_word' id='word_1_155' title='bbox 136 1504 246 1540; x_wconf 79' lang='lat' dir='ltr'>etiam</span> <span class='ocrx_word' id='word_1_156' title='bbox 273 1500 495 1539; x_wconf 80' lang='lat' dir='ltr'>immortalis</span> <span class='ocrx_word' id='word_1_157' title='bbox 523 1501 581 1544; x_wconf 75' lang='lat' dir='ltr'>sit,</span> <span class='ocrx_word' id='word_1_158' title='bbox 612 1512 756 1536; x_wconf 79' lang='lat' dir='ltr'>necesse</span> <span class='ocrx_word' id='word_1_159' title='bbox 783 1507 847 1538; x_wconf 76' lang='lat' dir='ltr'>est.</span> <span class='ocrx_word' id='word_1_160' title='bbox 906 1500 993 1547; x_wconf 81' lang='lat' dir='ltr'>Quo</span> <span class='ocrx_word' id='word_1_161' title='bbox 1020 1508 1205 1551; x_wconf 87' lang='lat' dir='ltr'>tempore,</span> <span class='ocrx_word' id='word_1_162' title='bbox 1236 1503 1333 1541; x_wconf 84' lang='lat' dir='ltr'>duce</span> 
     </span>
     <span class='ocr_line' id='line_1_23' title="bbox 136 1554 1332 1606; baseline 0 -13"><span class='ocrx_word' id='word_1_163' title='bbox 136 1557 332 1605; x_wconf 87' lang='lat' dir='ltr'>Pelopida,</span> <span class='ocrx_word' id='word_1_164' title='bbox 355 1555 487 1592; x_wconf 81' lang='lat' dir='ltr'>exules</span> <span class='ocrx_word' id='word_1_165' title='bbox 518 1554 672 1591; x_wconf 82' lang='lat' dir='ltr'>Thebas</span> <span class='ocrx_word' id='word_1_166' title='bbox 701 1561 999 1603; x_wconf 81' lang='lat' dir='ltr'>occupaverunt,</span> <span class='ocrx_word' id='word_1_167' title='bbox 1030 1562 1069 1592; x_wconf 86' lang='lat' dir='ltr'>et</span> <span class='ocrx_word' id='word_1_168' title='bbox 1096 1557 1332 1606; x_wconf 79' lang='lat' dir='ltr'>praesidium</span> 
     </span>
     <span class='ocr_line' id='line_1_24' title="bbox 138 1608 1330 1658; baseline 0.002 -13"><span class='ocrx_word' id='word_1_169' title='bbox 138 1608 524 1647; x_wconf 80' lang='lat' dir='ltr'>Lacedaemoniorum</span> <span class='ocrx_word' id='word_1_170' title='bbox 554 1620 602 1643; x_wconf 81' lang='lat' dir='ltr'>ex</span> <span class='ocrx_word' id='word_1_171' title='bbox 637 1619 723 1644; x_wconf 85' lang='lat' dir='ltr'>arce</span> <span class='ocrx_word' id='word_1_172' title='bbox 762 1609 1006 1657; x_wconf 83' lang='lat' dir='ltr'>expulerunt,</span> <span class='ocrx_word' id='word_1_173' title='bbox 1028 1608 1330 1658; x_wconf 85' lang='lat' dir='ltr'>Epaminondas,</span> 
     </span>
     <span class='ocr_line' id='line_1_25' title="bbox 136 1661 1332 1713; baseline 0.001 -13"><span class='ocrx_word' id='word_1_174' title='bbox 136 1664 316 1713; x_wconf 82' lang='lat' dir='ltr'>quamdiu</span> <span class='ocrx_word' id='word_1_175' title='bbox 336 1663 439 1699; x_wconf 86' lang='lat' dir='ltr'>faeta</span> <span class='ocrx_word' id='word_1_176' title='bbox 457 1666 514 1698; x_wconf 86' lang='lat' dir='ltr'>est</span> <span class='ocrx_word' id='word_1_177' title='bbox 534 1661 667 1698; x_wconf 84' lang='lat' dir='ltr'>caedes</span> <span class='ocrx_word' id='word_1_178' title='bbox 683 1662 838 1707; x_wconf 83' lang='lat' dir='ltr'>civium,</span> <span class='ocrx_word' id='word_1_179' title='bbox 855 1662 956 1699; x_wconf 90' lang='lat' dir='ltr'>domi</span> <span class='ocrx_word' id='word_1_180' title='bbox 973 1675 1012 1699; x_wconf 79' lang='lat' dir='ltr'>se</span> <span class='ocrx_word' id='word_1_181' title='bbox 1025 1663 1187 1700; x_wconf 84' lang='lat' dir='ltr'>retinuit</span> <span class='ocrx_word' id='word_1_182' title='bbox 1204 1678 1214 1707; x_wconf 84' lang='lat'><em>3</em></span> <span class='ocrx_word' id='word_1_183' title='bbox 1229 1665 1332 1712; x_wconf 89' lang='lat' dir='ltr'>quod</span> 
     </span>
     <span class='ocr_line' id='line_1_26' title="bbox 137 1714 1334 1766; baseline 0.002 -13"><span class='ocrx_word' id='word_1_184' title='bbox 137 1729 261 1766; x_wconf 90' lang='lat' dir='ltr'>neque</span> <span class='ocrx_word' id='word_1_185' title='bbox 280 1717 398 1753; x_wconf 84' lang='lat' dir='ltr'>malos</span> <span class='ocrx_word' id='word_1_186' title='bbox 427 1714 632 1752; x_wconf 88' lang='lat' dir='ltr'>defendere</span> <span class='ocrx_word' id='word_1_187' title='bbox 662 1715 826 1760; x_wconf 87' lang='lat' dir='ltr'>volebat,</span> <span class='ocrx_word' id='word_1_188' title='bbox 856 1728 980 1764; x_wconf 84' lang='lat' dir='ltr'>neque</span> <span class='ocrx_word' id='word_1_189' title='bbox 1009 1716 1251 1766; x_wconf 79' lang='lat' dir='ltr'>impugnare,</span> <span class='ocrx_word' id='word_1_190' title='bbox 1284 1731 1334 1755; x_wconf 90' lang='lat' dir='ltr'>ne</span> 
     </span>
     <span class='ocr_line' id='line_1_27' title="bbox 137 1769 1334 1819; baseline 0.001 -12"><span class='ocrx_word' id='word_1_191' title='bbox 137 1783 274 1808; x_wconf 86' lang='lat' dir='ltr'>manus</span> <span class='ocrx_word' id='word_1_192' title='bbox 294 1782 450 1807; x_wconf 87' lang='lat' dir='ltr'>suorum</span> <span class='ocrx_word' id='word_1_193' title='bbox 478 1769 665 1816; x_wconf 79' lang='lat' dir='ltr'>sanguine</span> <span class='ocrx_word' id='word_1_194' title='bbox 697 1775 946 1812; x_wconf 83' lang='lat' dir='ltr'>cruentaret3</span> <span class='ocrx_word' id='word_1_195' title='bbox 983 1782 1148 1819; x_wconf 88' lang='lat' dir='ltr'>namque</span> <span class='ocrx_word' id='word_1_196' title='bbox 1181 1783 1334 1808; x_wconf 90' lang='lat' dir='ltr'>omnem</span> 
     </span>
     <span class='ocr_line' id='line_1_28' title="bbox 138 1822 1334 1873; baseline 0.001 -12"><span class='ocrx_word' id='word_1_197' title='bbox 138 1824 291 1862; x_wconf 87' lang='lat' dir='ltr'>civilem</span> <span class='ocrx_word' id='word_1_198' title='bbox 319 1822 522 1861; x_wconf 85' lang='lat' dir='ltr'>victoriam</span> <span class='ocrx_word' id='word_1_199' title='bbox 548 1822 740 1859; x_wconf 78' lang='lat' dir='ltr'>funestam</span> <span class='ocrx_word' id='word_1_200' title='bbox 770 1824 944 1871; x_wconf 81' lang='lat' dir='ltr'>putabat.</span> <span class='ocrx_word' id='word_1_201' title='bbox 1000 1823 1198 1873; x_wconf 87' lang='lat' dir='ltr'>Idemque,</span> <span class='ocrx_word' id='word_1_202' title='bbox 1227 1830 1334 1873; x_wconf 85' lang='lat' dir='ltr'>post-</span> 
     </span>
     <span class='ocr_line' id='line_1_29' title="bbox 139 1874 1335 1926; baseline 0 -11"><span class='ocrx_word' id='word_1_203' title='bbox 139 1891 254 1925; x_wconf 89' lang='lat' dir='ltr'>quam</span> <span class='ocrx_word' id='word_1_204' title='bbox 273 1877 375 1926; x_wconf 87' lang='lat' dir='ltr'>apud</span> <span class='ocrx_word' id='word_1_205' title='bbox 395 1875 603 1913; x_wconf 86' lang='lat' dir='ltr'>Cadmeam</span> <span class='ocrx_word' id='word_1_206' title='bbox 623 1877 788 1923; x_wconf 83' lang='lat' dir='ltr'>pugnari</span> <span class='ocrx_word' id='word_1_207' title='bbox 808 1889 895 1913; x_wconf 86' lang='lat' dir='ltr'>cum</span> <span class='ocrx_word' id='word_1_208' title='bbox 916 1874 1228 1915; x_wconf 83' lang='lat' dir='ltr'>Lacedaemoniis</span> <span class='ocrx_word' id='word_1_209' title='bbox 1248 1891 1335 1915; x_wconf 88' lang='lat' dir='ltr'>coe-</span> 
     </span>
     <span class='ocr_line' id='line_1_30' title="bbox 140 1929 1334 1980; baseline 0.001 -12"><span class='ocrx_word' id='word_1_210' title='bbox 140 1932 208 1980; x_wconf 79' lang='lat' dir='ltr'>pit,</span> <span class='ocrx_word' id='word_1_211' title='bbox 230 1932 270 1968; x_wconf 89' lang='lat' dir='ltr'>in</span> <span class='ocrx_word' id='word_1_212' title='bbox 290 1931 425 1980; x_wconf 88' lang='lat' dir='ltr'>primis</span> <span class='ocrx_word' id='word_1_213' title='bbox 445 1929 562 1966; x_wconf 82' lang='lat' dir='ltr'>stetit.</span> <span class='ocrx_word' id='word_1_214' title='bbox 620 1929 751 1976; x_wconf 88' lang='lat' dir='ltr'>Hujus</span> <span class='ocrx_word' id='word_1_215' title='bbox 771 1930 817 1966; x_wconf 89' lang='lat' dir='ltr'>de</span> <span class='ocrx_word' id='word_1_216' title='bbox 846 1930 1058 1967; x_wconf 80' lang='lat' dir='ltr'>virtutibus</span> <span class='ocrx_word' id='word_1_217' title='bbox 1086 1929 1245 1979; x_wconf 72' lang='lat' dir='ltr'>vitaque</span> <span class='ocrx_word' id='word_1_218' title='bbox 1274 1944 1334 1969; x_wconf 87' lang='lat' dir='ltr'>sa-</span> 
     </span>
     <span class='ocr_line' id='line_1_31' title="bbox 141 1982 1336 2033; baseline 0.001 -12"><span class='ocrx_word' id='word_1_219' title='bbox 141 1985 192 2021; x_wconf 79' lang='lat' dir='ltr'>tis</span> <span class='ocrx_word' id='word_1_220' title='bbox 211 1985 285 2022; x_wconf 85' lang='lat' dir='ltr'>erit</span> <span class='ocrx_word' id='word_1_221' title='bbox 304 1985 460 2027; x_wconf 86' lang='lat' dir='ltr'>dietum,</span> <span class='ocrx_word' id='word_1_222' title='bbox 482 1983 514 2020; x_wconf 86' lang='lat' dir='ltr'>si</span> <span class='ocrx_word' id='word_1_223' title='bbox 533 1983 605 2019; x_wconf 83' lang='lat' dir='ltr'>hoc</span> <span class='ocrx_word' id='word_1_224' title='bbox 624 1994 742 2018; x_wconf 87' lang='lat' dir='ltr'>unum</span> <span class='ocrx_word' id='word_1_225' title='bbox 763 1982 989 2030; x_wconf 84' lang='lat' dir='ltr'>adjunxero,</span> <span class='ocrx_word' id='word_1_226' title='bbox 1011 1985 1114 2033; x_wconf 89' lang='lat' dir='ltr'>quod</span> <span class='ocrx_word' id='word_1_227' title='bbox 1134 1997 1247 2022; x_wconf 85' lang='lat' dir='ltr'>nemo</span> <span class='ocrx_word' id='word_1_228' title='bbox 1273 1993 1336 2022; x_wconf 77' lang='lat' dir='ltr'>eat.</span> 
     </span>
     <span class='ocr_line' id='line_1_32' title="bbox 142 2032 1336 2088; baseline 0.002 -15"><span class='ocrx_word' id='word_1_229' title='bbox 142 2038 289 2075; x_wconf 88' lang='lat' dir='ltr'>inficias</span> <span class='ocrx_word' id='word_1_230' title='bbox 309 2053 320 2082; x_wconf 81' lang='lat'><em>3</em></span> <span class='ocrx_word' id='word_1_231' title='bbox 340 2038 505 2081; x_wconf 82' lang='lat' dir='ltr'>Thebas,</span> <span class='ocrx_word' id='word_1_232' title='bbox 527 2041 565 2073; x_wconf 82' lang='lat' dir='ltr'>et</span> <span class='ocrx_word' id='word_1_233' title='bbox 586 2032 674 2073; x_wconf 73' lang='lat' dir='ltr'>ante</span> <span class='ocrx_word' id='word_1_234' title='bbox 694 2036 1000 2085; x_wconf 86' lang='lat' dir='ltr'>Epaminondam</span> <span class='ocrx_word' id='word_1_235' title='bbox 1019 2043 1164 2082; x_wconf 82' lang='lat' dir='ltr'>natum,</span> <span class='ocrx_word' id='word_1_236' title='bbox 1186 2047 1223 2075; x_wconf 77' lang='lat' dir='ltr'>et</span> <span class='ocrx_word' id='word_1_237' title='bbox 1249 2045 1336 2088; x_wconf 89' lang='lat' dir='ltr'>post</span> 
     </span>
     <span class='ocr_line' id='line_1_33' title="bbox 143 2090 1336 2142; baseline 0.001 -15"><span class='ocrx_word' id='word_1_238' title='bbox 143 2090 313 2139; x_wconf 82' lang='lat' dir='ltr'>ejusdem</span> <span class='ocrx_word' id='word_1_239' title='bbox 332 2091 543 2135; x_wconf 86' lang='lat' dir='ltr'>interitum,</span> <span class='ocrx_word' id='word_1_240' title='bbox 565 2095 750 2138; x_wconf 89' lang='lat' dir='ltr'>perpetuo</span> <span class='ocrx_word' id='word_1_241' title='bbox 779 2090 904 2127; x_wconf 89' lang='lat' dir='ltr'>alieno</span> <span class='ocrx_word' id='word_1_242' title='bbox 936 2092 1109 2139; x_wconf 82' lang='lat' dir='ltr'>paruisse</span> <span class='ocrx_word' id='word_1_243' title='bbox 1141 2092 1304 2142; x_wconf 88' lang='lat' dir='ltr'>imperio</span> <span class='ocrx_word' id='word_1_244' title='bbox 1326 2107 1336 2135; x_wconf 87' lang='lat'>;</span> 
     </span>
     <span class='ocr_line' id='line_1_34' title="bbox 143 2143 1337 2195; baseline 0.002 -15"><span class='ocrx_word' id='word_1_245' title='bbox 143 2150 278 2182; x_wconf 85' lang='lat' dir='ltr'>contra</span> <span class='ocrx_word' id='word_1_246' title='bbox 304 2157 359 2189; x_wconf 88' lang='lat' dir='ltr'>ea,</span> <span class='ocrx_word' id='word_1_247' title='bbox 389 2143 572 2194; x_wconf 88' lang='lat' dir='ltr'>quamdiu</span> <span class='ocrx_word' id='word_1_248' title='bbox 605 2143 670 2180; x_wconf 89' lang='lat' dir='ltr'>ille</span> <span class='ocrx_word' id='word_1_249' title='bbox 703 2143 915 2192; x_wconf 84' lang='lat' dir='ltr'>praefuerit</span> <span class='ocrx_word' id='word_1_250' title='bbox 946 2145 1194 2194; x_wconf 86' lang='lat' dir='ltr'>reipublicae,</span> <span class='ocrx_word' id='word_1_251' title='bbox 1220 2153 1337 2195; x_wconf 85' lang='lat' dir='ltr'>eaput</span> 
     </span>
     <span class='ocr_line' id='line_1_35' title="bbox 144 2196 1335 2249; baseline 0.003 -16"><span class='ocrx_word' id='word_1_252' title='bbox 144 2197 264 2235; x_wconf 87' lang='lat' dir='ltr'>fuisse</span> <span class='ocrx_word' id='word_1_253' title='bbox 283 2198 400 2235; x_wconf 85' lang='lat' dir='ltr'>totius</span> <span class='ocrx_word' id='word_1_254' title='bbox 420 2196 616 2235; x_wconf 83' lang='lat' dir='ltr'>Graeciae.</span> <span class='ocrx_word' id='word_1_255' title='bbox 673 2196 738 2233; x_wconf 81' lang='lat' dir='ltr'>Ex</span> <span class='ocrx_word' id='word_1_256' title='bbox 757 2210 833 2246; x_wconf 91' lang='lat' dir='ltr'>quo</span> <span class='ocrx_word' id='word_1_257' title='bbox 851 2197 1017 2248; x_wconf 86' lang='lat' dir='ltr'>intelligi</span> <span class='ocrx_word' id='word_1_258' title='bbox 1045 2205 1184 2249; x_wconf 85' lang='lat' dir='ltr'>potest,</span> <span class='ocrx_word' id='word_1_259' title='bbox 1214 2212 1335 2237; x_wconf 85' lang='lat' dir='ltr'>unum</span> 
     </span>
     <span class='ocr_line' id='line_1_36' title="bbox 145 2250 994 2301; baseline 0.001 -14"><span class='ocrx_word' id='word_1_260' title='bbox 145 2252 338 2290; x_wconf 87' lang='lat' dir='ltr'>hominem</span> <span class='ocrx_word' id='word_1_261' title='bbox 358 2251 490 2301; x_wconf 86' lang='lat' dir='ltr'>pluris,</span> <span class='ocrx_word' id='word_1_262' title='bbox 512 2263 627 2301; x_wconf 87' lang='lat' dir='ltr'>quam</span> <span class='ocrx_word' id='word_1_263' title='bbox 647 2250 845 2289; x_wconf 81' lang='lat' dir='ltr'>civitatem</span> <span class='ocrx_word' id='word_1_264' title='bbox 865 2251 994 2289; x_wconf 88' lang='lat' dir='ltr'>fuisse.</span> 
     </span>
    </p>
   </div>
  </div>
 </body>
</html>
