1496 2671
254 114 302 153 18
531 111 735 150 LAELIUS
764 110 839 149 DE
867 110 1133 150 AMICITIA.

261 220 548 260 rum'consensio
581 232 651 257 non
681 218 789 256 modo
816 219 1052 257 excusatione
1080 220 1248 258 amicitiae
1276 221 1427 269 tegenda

262 287 334 313 non
349 280 416 322 est,
430 273 492 311 sed
512 274 630 325 potius
647 273 744 310 omni
764 273 940 322 supplicio
958 272 1175 310 vindicanda
1190 285 1199 310 ε
1228 278 1266 311 ut
1283 286 1331 311 ne
1349 275 1429 323 quis

262 329 327 366 sibi
347 340 564 366 concessum
583 332 700 376 putet,
717 327 889 373 amicum,
909 327 966 363 vel
986 327 1118 364 bellum
1134 328 1256 376 patriae
1274 327 1428 365 inseren-

262 390 348 428 tem,
369 383 481 432 sequi.
540 380 650 427 Quod
678 379 833 430 quidem,
853 386 893 417 ut
918 392 975 417 res
1002 381 1107 430 coepit
1135 381 1198 427 ire,
1217 380 1314 418 haud
1341 382 1432 428 scio,

265 448 310 473 an
330 435 522 485 aliquando
549 435 707 472 futurum
727 434 781 471 sit.
837 433 929 470 Mihi
949 439 1070 471 autem
1089 446 1159 470 non
1180 435 1305 471 minori
1334 447 1434 473 curae

265 496 330 536 est,
350 490 464 538 qualis
483 488 685 538 respublica
703 493 784 538 post
804 494 954 525 mortem
974 499 1094 524 meam
1114 487 1231 526 sutura
1249 489 1306 534 sit,
1321 501 1431 538 quam

268 544 382 594 qualis
403 542 507 580 hodie
522 544 577 581 sit.

317 596 424 635 thl.
453 598 519 634 44.
548 596 643 635 Haec
661 596 764 644 igitur
782 595 897 644 prima
915 595 977 631 lex
998 595 1166 633 amicitiae
1181 597 1374 642 sanciatur,
1393 601 1432 632 ut

263 651 309 687 ab
346 651 471 688 amicis
498 650 650 688 honesta
677 656 855 699 petamus,
884 648 1085 687 amicorum
1131 661 1242 686 causa
1281 649 1433 686 honesta

269 705 474 741 faciamus:
503 717 548 741 ne
567 709 824 754 exspectemus
851 701 1008 750 quidem,
1029 702 1113 740 dum
1143 714 1333 752 rogemur:
1360 710 1434 741 stu-

265 759 364 796 dium
383 771 526 808 semper
543 758 647 804 adsit,
676 756 856 793 cunctatio
885 755 1002 795 absit:
1033 757 1222 794 consilium
1249 767 1334 794 vero
1351 756 1437 794 dare

264 811 484 861 gaudeamus
502 812 610 848 libere
628 825 636 848 ε
666 810 860 860 plurimum
888 809 924 845 in
945 809 1104 848 amicitia
1123 811 1323 848 amicorum
1341 809 1435 848 bene

267 865 494 903 suadentium
530 865 652 902 valeat
685 864 910 902 auctoritas:
937 875 1054 913 eaque
1089 870 1125 902 et
1151 863 1363 902 adhibeatur
1389 863 1435 901 ad

270 919 488 956 monendum
526 931 598 955 non
628 917 736 955 modo
762 923 896 966 aperte,
925 917 986 954 sed
1013 921 1122 955 etiam
1150 918 1289 964 acriter,
1324 919 1352 956 si
1380 929 1438 955 res

269 973 473 1024 postulabit,
493 979 527 1009 et
547 971 717 1010 adhibitae
736 976 916 1020 pareatur.

322 1027 388 1063 45.
416 1026 515 1064 Nam
544 1025 772 1075 quibusdam,
803 1037 892 1073 quos
910 1025 1016 1062 audio
1036 1025 1216 1075 sapientes
1234 1023 1373 1062 habitos
1399 1025 1438 1062 in

269 1079 422 1127 Graecia,
453 1081 631 1129 placuisse
652 1080 777 1129 opinor
806 1079 978 1115 mirabilia
1006 1078 1185 1128 quaedam.
1242 1078 1314 1116 Sed
1343 1077 1431 1115 nihil

269 1142 332 1177 est,
352 1134 446 1183 quod
466 1134 515 1170 illi
534 1146 605 1170 non
627 1138 882 1183 persequantur
900 1134 973 1169 suis
991 1133 1132 1182 argutiis
1150 1133 1329 1181 argutius:
1356 1145 1437 1182 par-

270 1190 333 1225 tim
350 1187 535 1236 fugiendas
553 1199 632 1225 esse
653 1187 783 1224 nimias
810 1187 997 1232 amicitias,
1018 1199 1063 1224 ne
1082 1198 1227 1223 necesse
1254 1186 1305 1223 sit·
1322 1198 1436 1223 unum

269 1242 458 1279 sollicitum
477 1253 559 1279 esse
585 1254 649 1290 pro
666 1241 826 1291 pluribus
845 1253 854 1277 :
883 1241 968 1277 satis
984 1251 1162 1290 superque
1179 1252 1260 1278 esse
1287 1251 1434 1277 suarum

270 1297 401 1344 cuique
417 1307 546 1342 rerum,
560 1295 684 1332 alienis
700 1294 804 1330 nimis
823 1293 995 1343 implicari
1009 1294 1198 1331 molestum
1218 1304 1318 1331 esse:
1337 1305 1440 1330 com-

272 1349 519 1387 modissimum
538 1361 629 1394 esse,
649 1361 758 1397 quam
777 1348 984 1384 laxissimas
1004 1347 1165 1384 habenas
1185 1346 1319 1384 habere
1346 1348 1439 1383 ami-

271 1404 362 1441 citiae
379 1417 387 1450 3
409 1415 498 1452 quas
517 1403 573 1439 vel
594 1401 767 1447 adducas,
787 1413 897 1450 quum
914 1401 1016 1447 velis,
1035 1401 1091 1439 vel
1111 1401 1281 1439 remittas.
1320 1400 1440 1450 Caput

270 1457 369 1492 enim
386 1469 465 1493 esse
482 1456 526 1493 ad
548 1456 650 1493 beate
670 1455 867 1492 vivendum
895 1456 1122 1492 securitatem
1142 1467 1151 1502 3
1180 1467 1251 1504 qua
1270 1454 1336 1491 frui
1365 1466 1438 1491 non

270 1512 380 1559 possit
408 1511 563 1554 animus,
601 1511 627 1546 si
657 1515 828 1558 tanquam
858 1509 1029 1558 parturiat
1053 1521 1147 1546 unus
1175 1522 1240 1559 pro
1268 1507 1439 1558 pluribus.

271 1563 335 1600 46.
365 1564 469 1601 Alios
499 1570 618 1600 autem
648 1562 765 1599 dicere
794 1563 892 1599 aiunt
920 1562 1032 1599 multo
1058 1563 1168 1599 etiam
1195 1562 1441 1609 inhumanius,

272 1618 399 1667 (quem
434 1618 557 1655 locum
587 1618 740 1654 breviter
766 1617 957 1666 perstrinxi
984 1616 1105 1665 paullo
1132 1622 1216 1653 ante
1231 1616 1261 1667 :)
1289 1615 1457 1667 praesidii

273 1670 544 1721 adjumentique
581 1684 704 1716 causa,
735 1683 804 1706 non
837 1670 1097 1708 benevolentia:
1126 1682 1243 1720 neque
1271 1671 1442 1716 caritatis,

272 1726 449 1762 amicitias
467 1737 545 1763 esse
563 1723 796 1774 expetendas.
852 1724 979 1773 Itaque
1009 1730 1048 1761 ut
1074 1724 1222 1774 quisque
1251 1724 1440 1761 minimum

274 1779 446 1816 firmitatis
466 1779 594 1816 habeat
616 1780 878 1827 minimumque
906 1778 1047 1824 virium,
1067 1779 1113 1815 ita
1133 1777 1310 1815 amicitias
1328 1789 1442 1827 appe-

272 1840 344 1870 tere
364 1834 538 1872 maxime.
595 1832 657 1871 Ex
676 1845 721 1870 eo
735 1832 822 1876 fieri,
843 1839 878 1869 ut
899 1832 1117 1869 mulierculae
1134 1831 1247 1879 magis
1264 1832 1442 1868 'amicitia-

273 1899 349 1924 rum
369 1886 534 1936 praesidia
562 1892 736 1936 quaerant,
756 1898 866 1934 quam
886 1887 949 1923 viri
967 1899 976 1924 ε
1001 1891 1037 1922 et
1063 1886 1202 1935 inopes,
1221 1897 1330 1934 quam
1350 1898 1442 1936 opu—

270 1941 381 1978 lenti:
409 1948 444 1977 et
462 1941 671 1987 calamitosi,
702 1953 810 1990 quam
832 1940 936 1977 beati.
991 1938 1053 1976 47.
1084 1938 1118 1976 O
1145 1938 1354 1988 praeclaram
1383 1951 1441 1976 sa-

274 1995 469 2044 pientiam!
527 1995 646 2031 Solem
674 1995 772 2031 enirn
808 2006 829 2030 e
865 1992 1001 2031 mundo
1028 1993 1148 2029 tollere
1175 1991 1352 2040 videntur,
1381 1994 1440 2042 qui

273 2048 468 2084 amicitiam
497 2061 517 2085 e
534 2049 605 2085 vita
638 2049 789 2085 tollunt:
818 2059 889 2096 qua
916 2059 938 2083 a
963 2045 1042 2083 Diis
1069 2046 1331 2083 immortalibus
1349 2045 1438 2085 nihil

271 2102 399 2138 melius
419 2102 607 2148 habemus,
629 2101 715 2138 nihil
731 2100 941 2150 jucundiuS.
999 2099 1094 2145 Quae
1113 2106 1167 2137 est
1183 2100 1279 2137 enim
1300 2100 1366 2137 ista
1385 2111 1444 2137 se·-

269 2156 402 2192 curitas
421 2156 440 2193 P
496 2156 626 2205 Specie
645 2155 801 2205 quidem,
821 2154 965 2199 blanda,
984 2153 1046 2190 sed
1063 2165 1188 2204 reapse
1217 2153 1337 2191 multis
1354 2153 1445 2191 locis

271 2208 508 2257 repudianda.
564 2208 696 2259 Neque
714 2209 811 2245 enim
831 2213 883 2244 est
903 2213 1202 2255 consentaneum,
1221 2207 1332 2245 ullam
1351 2206 1442 2244 hon„

271 2269 386 2298 estam
404 2274 479 2298 rem
499 2261 739 2308 actionemve,
756 2273 801 2298 ne
819 2261 990 2298 sollicitus
1009 2262 1068 2306 sis,
1087 2267 1150 2298 aut
1169 2273 1240 2297 non
1258 2260 1440 2310 suscipere

271 2323 333 2353 aut
352 2321 558 2364 susceptam
574 2315 768 2366 deponere.
825 2315 933 2362 Quod
952 2316 979 2352 si
1000 2327 1126 2352 curam
1144 2313 1314 2363 sugimus,
1331 2315 1442 2351 virtus

267 2367 438 2418 fugienda
463 2375 543 2416 est3
573 2383 653 2420 quae
683 2381 832 2407 necesse
861 2376 913 2406 est
934 2382 1017 2406 cum
1039 2369 1158 2419 aliqua
1187 2380 1275 2405 cura
1292 2379 1348 2405 res
1373 2366 1440 2405 sibi

267 2423 466 2460 ¹contrarias
499 2429 709 2473 aspernetur
736 2430 841 2474 atque
870 2423 1003 2472 oderit3
1031 2429 1070 2461 ut
1090 2423 1229 2461 bonitas
1257 2420 1442 2467 malitiam,
