1496 2671
395 214 468 252 DE
497 211 678 250 BELLO
709 209 958 250 GALLICO
987 210 1091 247 LIB.
1121 210 1151 246 Ι.
1343 210 1365 243 5

184 335 275 361 1111111
305 322 345 358 in
380 319 568 368 Sequanis
596 318 736 355 multos
763 330 882 355 annos
911 318 1142 361 obtinuerat,
1162 320 1201 353 et
1219 327 1242 352 a
1264 313 1303 352 S.
1324 312 1366 351 P.

186 376 232 423 Q.
253 376 301 412 R.
336 374 480 411 amicus
507 372 720 422 appellatus
750 377 842 416 exat,
875 377 918 408 ut
948 383 1111 419 regnum
1141 370 1182 405 in
1211 368 1368 406 civitate

183 431 253 466 sua
271 440 434 475 occupai
437 434 484 472 et,
505 426 607 475 quod
620 431 728 474 patei
743 430 831 461 ante
843 425 1044 461 habuerat.
1064 424 1233 472 itemque
1246 422 1369 458 Dum-

181 481 309 530 norigi
329 481 473 525 AEduo,
493 479 605 516 fratri
627 477 824 523 Divitiaci,
845 478 911 525 qui
930 490 974 514 eo
986 484 1158 526 tempore
1177 475 1370 525 principa·

181 541 265 572 tum
297 534 339 570 in
370 534 528 571 civitate
555 533 764 576 obtinebat,
795 543 838 568 ac
867 530 1034 567 maxime
1062 530 1165 578 plebi
1193 534 1371 577 acceptus

182 594 276 633 erat,
299 594 340 624 ut
359 588 461 624 idem
480 592 683 624 conaretur
698 585 913 634 persuadet,
935 584 1046 632 eique
1065 583 1183 619 filiam
1203 595 1312 620 suam
1330 582 1371 617 in

183 641 474 678 matrimonium
504 641 580 677 dat.
649 638 840 676 Perfacile
869 637 975 674 factu
1005 649 1087 674 esse
1115 637 1192 673 illis
1222 636 1372 684 probat,

183 703 319 732 conata
337 695 533 743 perficere,
554 698 755 742 propterea
775 691 905 739 quod
895 703 977 739 1pse
997 701 1074 726 suae
1102 689 1272 726 civitatis
1299 689 1373 725 im-

183 748 333 797 perium
353 749 580 784 obtenturus
599 751 713 783 esset:
742 757 819 781 non
839 757 920 782 esse
949 743 1120 788 dubium,
1141 743 1236 791 quin
1255 742 1374 780 totius

186 800 325 838 Galliae
339 800 549 850 plurimum
562 798 735 837 Helvetii
751 803 921 847 possent:
942 809 982 835 se
998 797 1078 834 suis
1093 796 1213 845 copiis
1229 808 1374 843 suoque

185 855 359 892 exercitu
396 854 473 891 illis
509 866 630 915 regna
666 852 961 890 conciliaturum
998 850 1210 888 confirmat.
1286 848 1374 886 Hac

185 908 357 945 oratione
376 908 531 945 adducti
551 907 653 944 inter
672 919 713 944 se
731 906 845 943 fidem
866 912 903 942 et
917 903 1193 952 jusjurandum
1211 902 1314 947 dant,
1337 908 1376 939 et

185 974 306 1010 regno
325 966 523 1010 occupato,
550 972 620 1009 per
646 965 726 997 tres
752 958 1038 1020 potentissimos
1066 969 1109 994 ac
1136 956 1375 994 firmissimos

186 1015 348 1064 populos
366 1015 486 1051 totius
505 1012 639 1050 Galliae
658 1025 741 1050 sese
762 1012 878 1061 potiri
898 1023 1008 1061 posse
1026 1015 1197 1059 sperant.

240 1067 312 1105 IV.
344 1068 403 1105 Ea
421 1080 482 1105 res
503 1073 544 1104 ut
564 1073 622 1104 est
641 1065 835 1103 Helvetiis
865 1077 934 1114 per
950 1064 1138 1101 indicium
1157 1062 1374 1107 enunciata,

187 1122 358 1158 moribus
386 1121 465 1158 suis
495 1120 766 1168 O1Ugeto1igem
793 1131 844 1155 ex
872 1118 1037 1155 vinculis
1065 1129 1220 1154 causam
1248 1116 1377 1153 dicere

186 1176 414 1223 coegerunt·
443 1174 667 1210 damnatum
694 1184 844 1221 poenam
872 1171 981 1220 sequi
999 1171 1213 1220 oportebat,
1233 1175 1276 1206 111
1294 1169 1379 1218 igni

188 1233 435 1265 cremaretur.
493 1227 569 1263 Die
588 1223 798 1263 constituti
812 1238 934 1263 causa:
954 1223 1144 1268 dictionis,
1167 1222 1379 1272 Orgetoiix

187 1282 236 1319 ad
248 1280 439 1329 judicium
457 1292 609 1318 omnem
627 1292 736 1317 suam
754 1279 952 1324 familiam,
973 1279 1021 1315 ad
1039 1277 1238 1314 hominum
1257 1275 1379 1313 millia

188 1335 333 1377 decem,
354 1335 524 1382 undique
543 1333 684 1382 coegit,
714 1338 753 1370 et
775 1344 908 1369 omnes
933 1331 1093 1369 clientes
1115 1331 1378 1378 obaeratosque

190 1401 289 1433 SUOS,
311 1401 475 1437 quorum
493 1399 677 1436 magnum
696 1398 898 1423 numerum
916 1385 1095 1428 habebat,
1125 1384 1259 1421 eodem
1287 1395 1378 1420 con-

190 1442 320 1479 duxit:
349 1453 418 1490 per
448 1453 524 1486 eos,
551 1453 601 1478 ne
627 1452 781 1477 causam
800 1439 956 1483 diceret,
976 1451 1016 1476 se
1035 1437 1191 1486 eripuit.
1249 1435 1381 1482 Quum

189 1496 339 1540 civitas,
360 1496 408 1532 ob
427 1507 511 1532 eam
538 1506 619 1531 rem
647 1493 817 1538 incitata,
847 1493 963 1530 armis
987 1490 1051 1540 jus
1078 1502 1193 1528 suum
1219 1489 1381 1537 exsequi

190 1554 405 1594 conaretur,
434 1547 798 1595 multitudinemque
825 1546 1026 1583 hominum
1044 1556 1095 1583 ex
1114 1543 1219 1593 agris
1237 1543 1381 1590 magis-

191 1607 316 1639 tratus
344 1607 537 1651 cogerent,
569 1600 780 1649 Orgetorix
808 1605 982 1637 mortuus
1010 1604 1086 1642 est3
1115 1609 1240 1645 neque
1273 1597 1381 1634 abest

192 1655 370 1704 suspiciO,
392 1660 436 1692 ut
455 1654 630 1692 Helvetii
649 1654 898 1699 arbitrantur,
919 1653 1013 1701 quin
1027 1652 1110 1701 ipse
1125 1651 1199 1688 sibi
1218 1655 1382 1688 mortem

190 1708 432 1747 consciverit.

246 1762 301 1800 V.
329 1762 425 1799 Post
444 1760 528 1810 ejus
545 1766 709 1798 mortem
736 1760 859 1797 nihilo
877 1760 1006 1797 minus
1026 1759 1202 1797 Helvetii
1220 1757 1261 1794 id
1279 1756 1383 1804 quod

191 1816 470 1853 constituerant
488 1814 615 1852 facere
634 1819 834 1859 conantur,
855 1819 899 1851 ut
917 1826 939 1851 e
957 1813 1100 1850 finibus
1120 1812 1199 1849 suis
1228 1814 1382 1849 exeant.

192 1868 303 1907 Ubi
288 1881 370 1917 Jam
390 1881 431 1907 se
448 1869 496 1906 ad
516 1881 600 1906 eam
618 1880 699 1905 rem
719 1873 872 1916 paratos
890 1878 973 1904 esse
992 1866 1170 1903 arbitrati
1191 1870 1292 1908 sunt,
1313 1875 1382 1912 op-

194 1923 284 1971 pida
302 1935 371 1960 sua
388 1922 526 1968 omnia,
547 1933 708 1958 numero
728 1921 776 1957 ad
790 1920 1003 1965 duodecim,
1019 1919 1125 1957 vicos
1141 1920 1188 1956 ad
1199 1916 1384 1967 quadrin-

196 1982 346 2024 gentos,
377 1975 525 2023 reliqua
544 1975 696 2024 privata
715 1974 876 2011 aedificia
894 1973 1116 2018 incendunt,
1146 1972 1386 2009 frumentum

196 2041 308 2066 omne
340 2034 480 2078 praeter
508 2029 611 2076 quod
639 2040 768 2065 secum
786 2027 978 2076 portaturi
996 2031 1117 2071 erant,
1139 2026 1382 2068 comburunt,

197 2087 241 2119 ut
259 2083 414 2119 domum
431 2082 633 2119 reditionis
664 2093 730 2130 spe
763 2078 913 2118 sublata
941 2080 1154 2129 paratiores
1182 2079 1230 2115 ad.
1258 2077 1387 2115 omnia

198 2135 369 2184 pericula
388 2136 585 2173 subeunda
613 2140 755 2172 essent.
783 2135 902 2171 trium
921 2133 1110 2171 mensium
1129 2132 1263 2169 molita
1281 2130 1386 2168 ciba-

199 2189 258 2225 ria
295 2189 368 2225 sibi
405 2201 594 2236 quemque
625 2189 736 2225 domo
769 2187 862 2225 effei
865 2200 905 2224 re
935 2186 1091 2235 jubent.
1146 2184 1388 2223 Persuadent

200 2241 388 2278 Rauracis
407 2247 445 2278 et
465 2242 645 2291 Tulingis
673 2247 710 2278 et
729 2241 951 2289 Latobrigis
970 2239 1158 2285 finitimis,
1177 2239 1236 2275 uti
1255 2237 1389 2275 eodem

201 2296 261 2331 usi
281 2294 437 2331 consilio
455 2295 605 2343 oppidis
624 2295 704 2332 suis
731 2295 903 2343 vicisque
931 2293 1091 2339 exustis,
1121 2305 1198 2330 una
1225 2303 1312 2328 cum
1340 2289 1390 2326 iis

199 2360 245 2397 pl
248 2348 506 2384 oficlscantur
535 2348 736 2395 Boiosque‚
766 2348 832 2397 qui
860 2353 967 2384 trans
1004 2347 1187 2383 Rhenum
1219 2343 1388 2381 incolue-

201 2407 300 2446 rant,
331 2407 369 2438 et
399 2401 440 2436 in
470 2413 606 2450 agrum
635 2401 825 2438 Noricum
857 2400 1090 2438 transierant
1128 2397 1388 2444 Noreiamque

201 2460 480 2503 oppugnamnt,
502 2459 674 2503 receptos
694 2454 741 2490 ad
763 2466 801 2491 se
822 2454 942 2491 socios
963 2453 1035 2490 sibi
1057 2452 1280 2490 assciscunt.
