1496 2671
410 119 572 158 LIBER
602 118 870 164 QUARTUS.
1178 118 1227 155 :35

66 227 181 265 ander
207 227 406 277 explorata,
435 226 570 264 deinde
607 232 829 275 contempta,
860 225 1083 275 praefectum
1113 225 1228 262 Paeo-

68 294 156 318 num
182 280 345 329 equitum
371 280 550 319 Aristona
581 279 713 317 laxatis
752 280 904 316 habenis
942 278 1065 315 invehi
1101 278 1227 328 jussit.

68 333 226 384 Insignis
245 345 288 371 eo
307 333 367 370 die
394 346 520 383 pugna
547 333 724 383 equitum,
754 338 791 370 et
817 333 1013 381 praecipue
1041 333 1228 370 Aristonis

66 387 159 426 fuit:
195 386 422 436 praefectum
457 387 640 435 equitatus
674 386 868 423 Persarum
897 385 1142 435 Satropatem,
1171 385 1227 422 di-

68 446 167 478 recta
200 441 239 476 in
275 445 428 489 gutture
463 438 580 486 hasta,
617 439 815 483 transfixit,
853 439 1128 488 fugientemque
1163 452 1229 489 per

67 493 204 530 medios
230 493 354 531 hostes
383 500 642 542 consequutus,
673 506 718 530 ex
756 505 849 541 equo
886 493 1153 542 praecipitavit,
1191 500 1227 530 et

66 547 269 585 obluctanti
288 554 399 596 caput
416 548 542 596 gladio
570 547 753 596 dempsit:
783 546 883 594 quod
910 546 1067 583 relatum
1095 559 1230 596 magna

66 612 146 637 cum
165 599 274 637 laude
293 606 380 638 ante
397 601 494 650 regis
512 601 625 650 pedes
643 601 777 650 posuit.

116 653 300 691 XXXIX.
331 654 391 692 10.
423 654 545 691 Biduo
571 655 621 692 ibi
650 667 714 691 rex
734 654 868 692 stativa
887 653 1028 699 habuit,
1049 654 1086 689 in
1106 654 1231 702 proxi-

66 719 161 744 mum
190 707 326 744 deinde
352 708 423 746 iter
450 708 685 758 pronunciari
715 708 841 756 jussit.
910 707 984 744 Sed
1012 707 1130 755 prima
1156 707 1233 744 fere

66 760 191 809 vigilia
208 761 296 798 luna
315 762 499 806 deficiens,
520 762 677 810 primum
699 762 858 798 nitorem
878 760 1007 797 sideris
1026 761 1083 797 sui
1102 761 1230 797 condi-

66 814 145 858 dit3
175 814 310 852 deinde
329 815 518 864 sanguinis
537 815 658 852 colore
678 815 815 852 suffuso
833 815 958 851 lumen
978 825 1087 851 omne
1106 814 1231 851 foeda-

65 868 128 913 vit,
149 868 372 918 solicitisquc
391 869 460 906 sub
479 869 597 918 ipsum
615 869 711 906 tanti
730 868 949 905 discriminis
964 880 1086 904 casum
1100 868 1232 916 ingens

65 921 206 970 religio,
236 928 274 960 et
301 935 347 959 ex
374 935 416 960 ea
443 922 601 959 formido
631 923 820 970 quaedam,
850 922 995 958 incussa
1024 927 1091 959 est.
1149 921 1232 958 Diis

67 975 192 1013 invitis
211 975 248 1012 in
268 976 416 1014 ultimas
436 981 552 1013 terras
571 976 669 1014 trahi
695 988 734 1013 se
761 976 1033 1023 querebantur:
1059 975 1137 1022 jam
1164 988 1233 1012 nee

67 1028 217 1066 fiumina
235 1042 341 1078 posse
359 1029 464 1075 adiri,
485 1042 553 1066 nec
580 1030 700 1066 sidera
730 1029 926 1081 pristinum
956 1034 1144 1077 praestare
1161 1029 1233 1065 ful-

65 1095 191 1130 gorem
211 1096 219 1119 ε
241 1092 362 1120 vastas
382 1088 510 1129 terras,
525 1083 670 1120 deserta
690 1083 813 1120 omnia
828 1094 1021 1120 occurrere
1037 1096 1044 1119 :
1066 1082 1106 1119 in
1125 1083 1233 1120 unius

67 1136 222 1173 hominis
243 1136 486 1184 jactationem
524 1143 582 1174 tot
611 1137 762 1173 millium
793 1135 1008 1184 sanguinem
1036 1136 1230 1185 impendi:

64 1189 211 1226 fastidio
230 1202 308 1226 esse
326 1190 504 1239 patriam:
534 1190 697 1227 abdicari
726 1190 937 1238 Philippum
965 1195 1119 1238 patrem,
1150 1203 1232 1227 coe-

63 1243 140 1279 lum
168 1243 271 1280 vanis
299 1243 580 1291 cogitationibus
607 1244 695 1292 peti.
751 1244 836 1280 Jam
873 1255 940 1292 pro
968 1243 1150 1280 seditione
1177 1257 1235 1281 res

65 1301 153 1340 erat,
197 1309 308 1346 quum
343 1297 391 1333 ad
432 1298 557 1334 omnia
595 1297 797 1342 interritus,
829 1297 941 1333 duces
978 1297 1235 1346 principesque

65 1350 221 1387 militum
236 1351 446 1399 frequentes
465 1351 593 1388 adesse
612 1351 807 1400 praetorio,
826 1351 1106 1400 Aegyptiosque
1118 1357 1231 1396 vates,

66 1416 155 1451 quos
175 1404 265 1440 coeli
298 1417 340 1441 ac
368 1405 529 1441 siderum
556 1405 794 1453 peritissimos
823 1416 900 1442 esse
928 1404 1114 1449 credebat,
1145 1405 1233 1452 quid

66 1457 246 1494 sentirent
274 1470 489 1507 expromere
510 1458 633 1506 jubet.
705 1459 758 1496 At
785 1458 852 1503 illi,
879 1458 941 1507 qui
968 1458 1057 1495 satis
1084 1457 1231 1504 scirent,

64 1522 270 1559 temporum
311 1511 417 1548 orbes
457 1511 608 1560 implere
649 1512 851 1549 destinatas
889 1511 997 1556 vices,
1034 1511 1235 1560 lunamque

64 1564 231 1610 deficere,
253 1577 362 1613 quum
385 1570 448 1602 aut
475 1570 610 1602 terram
639 1566 791 1610 subiret,
812 1571 876 1603 aut
895 1565 971 1602 sole
989 1572 1230 1614 premeretur,

63 1617 242 1656 rationem
270 1618 415 1666 quidem
450 1618 538 1667 ipsis
566 1626 776 1668 perceptam
806 1632 880 1656 non
909 1619 1067 1657 edocent
1086 1620 1232 1669 vulgus,

65 1678 225 1709 ceterum
247 1672 441 1718 affirmant,
462 1672 575 1709 solem
598 1672 826 1710 Graecorum
854 1673 977 1709 lunam
1004 1685 1082 1710 esse
1102 1673 1233 1711 Persa-

65 1736 143 1761 rum
161 1738 168 1762 :
199 1726 343 1773 quoties
362 1725 426 1762 illa
445 1725 605 1771 deficiat,
626 1727 768 1763 ruinam
796 1733 1032 1776 stragemque
1051 1727 1122 1764 illis
1140 1739 1232 1776 gen-

65 1778 162 1816 tibus
181 1779 353 1828 portendi
375 1793 382 1816 :
411 1783 609 1827 veteraque
636 1780 804 1829 exempla
832 1786 1050 1829 percensent
1071 1780 1232 1818 Persidis

62 1844 205 1880 regum,
233 1844 324 1880 quos
352 1833 514 1870 adversis
541 1833 612 1870 diis
653 1846 836 1883 pugnasse
871 1834 980 1870 lunae
1011 1834 1233 1872 ostendisset

64 1885 233 1923 defectio.
289 1887 405 1923 Nulla
423 1899 482 1924 res
499 1886 680 1930 efficacius
698 1888 975 1925 multitudinem
996 1888 1103 1935 regit,
1121 1900 1231 1937 quam

66 1939 299 1987 superstitio;
341 1941 503 1989 alioquin
540 1940 737 1990 impotens,
776 1954 894 1986 saeva,
932 1941 1130 1987 mutabilis,
1166 1942 1231 1978 ubi

65 2004 158 2029 vana
175 1992 353 2041 religione
379 1999 488 2043 capta
513 1999 580 2040 est,
610 1995 738 2032 melius
765 1995 911 2032 vatibus
938 2007 1047 2042 quarn
1076 1995 1233 2033 ducibus

63 2045 136 2082 suis
153 2051 271 2094 paret.
328 2047 446 2096 Igitur
459 2047 560 2085 edita
573 2048 612 2085 in
624 2049 756 2097 vulgus
768 2049 1039 2098 Aegyptiorum
1056 2061 1231 2098 responsa

65 2110 188 2136 rursus
207 2099 253 2136 ad
272 2113 373 2149 spem
392 2106 429 2139 et
447 2101 620 2139 fiduciam
640 2114 790 2140 erexere
817 2108 1019 2152 torpentes.

117 2152 198 2190 XL.
227 2152 312 2190 Rex
330 2154 470 2203 impetu
490 2156 694 2193 animorum
725 2156 904 2194 utendum
933 2161 1047 2202 ratus,
1069 2158 1231 2195 secunda

65 2205 189 2254 vigilia
223 2212 342 2244 castra
372 2209 514 2246 movit:
545 2209 677 2247 dextra
705 2210 847 2259 Tigrim
877 2209 1049 2256 habebat,
1077 2223 1100 2246 a
1126 2211 1230 2248 laeva

65 2264 220 2304 montes,
242 2271 333 2308 quos
353 2261 543 2299 Gordaeos
567 2269 713 2302 vocant.
770 2263 855 2301 Hoc
874 2265 1040 2313 ingresso
1058 2263 1130 2301 iter
1147 2277 1228 2314 spe-

64 2312 257 2359 culatores,
279 2314 341 2362 qui
360 2315 548 2364 praemissi
567 2323 684 2363 erant,
705 2318 774 2355 sub
800 2317 892 2355 lueis
912 2322 1048 2363 ortum,
1070 2317 1227 2355 Darium

64 2366 263 2406 adventare
290 2368 568 2407 nunciaverunt.
640 2370 827 2411 Instructo
867 2371 981 2421 igitur
1024 2370 1150 2417 milite,
1191 2378 1227 2411 et
