1496 2671
381 178 456 215 DE
486 176 666 215 BELLO
698 175 947 215 GALLICO
977 176 1081 214 LIB.
1111 176 1166 213 II.
1319 175 1369 215 37

235 285 336 323 XII.
364 283 559 321 Postridie
605 282 689 331 ejus
731 283 807 320 diei
852 282 995 329 Caesa1·‚
1035 282 1143 332 prius
1180 294 1296 331 quam
1330 295 1371 319 se

180 340 307 377 hostes
334 348 385 373 ex
413 349 555 385 pavore
583 348 626 373 ac
653 333 747 384 fuga
774 336 1002 385 reciperent,
1032 338 1072 373 in
1102 337 1198 373 fines
1221 335 1370 373 Suessi-

180 404 305 436 onum,
332 390 400 439 qui
430 389 598 438 proximi
631 389 763 426 Remis
794 397 916 435 erant,
942 390 1157 427 exercitum
1187 389 1311 434 duxit,
1334 394 1372 426 et

180 456 318 493 magno
336 443 476 480 itinere
494 442 667 480 confecto
686 443 734 479 ad
762 443 945 491 oppidum
975 443 1253 480 Noviodunum
1282 454 1373 480 con-

179 497 316 535 tendit.
374 497 421 533 Id
450 509 500 534 ex
527 496 667 533 itinere
687 508 911 545 oppugnare
937 503 1108 541 conatus,
1131 497 1232 544 quod
1257 508 1373 532 vacu-

178 563 245 588 um
264 551 311 587 ab
331 549 598 587 defensoribus
624 561 706 587 esse
730 550 921 594 audiebat,
943 556 1101 598 propter
1129 549 1373 587 latitudinem

178 604 293 641 fossae
322 604 501 652 murique
535 602 792 647 altitudinem,
814 603 947 651 paucis
973 602 1282 647 defendentibus,
1304 613 1374 639 ex·-

179 669 352 706 pugnare
381 669 457 693 non
490 656 629 705 potuit.
687 656 836 694 Castris
868 656 1044 701 munitis,
1078 656 1211 693 vineas
1248 667 1374 704 agere,

176 722 340 759 quaeque
360 710 409 747 ad
429 709 730 758 oppugnandum
750 709 837 746 usui
858 715 979 754 erant,
1001 721 1223 758 comparare
1244 709 1372 757 coepit.

179 764 345 800 Interim
375 763 499 800 omnis
530 775 580 800 ex
611 760 706 812 fuga
737 762 989 800 Suessionum
1018 763 1226 799 multitudo
1246 762 1287 798 in
1307 775 1374 809 op-

179 817 313 867 pidum
345 813 523 866 proxima
554 822 667 853 nocte
697 817 893 853 convenit.
950 815 1139 854 Celeriter
1174 815 1299 852 vineis
1328 815 1377 852 ad

181 870 365 919 oppidum
397 870 504 915 actis,
537 882 678 919 aggere
710 869 816 918 jacto
853 869 1104 918 turribusque
1142 868 1374 913 constitutis,

181 923 448 973 magnitudine
481 935 653 971 operum,
682 934 767 971 quae
798 935 923 971 neque
950 923 1127 960 viderant
1151 928 1241 960 ante
1269 920 1376 959 Galli

181 989 306 1025 neque
343 977 555 1022 audierant,
590 982 629 1013 et
666 976 862 1013 celeritate
898 976 1160 1013 Romanorum
1198 976 1376 1024 permoti,

181 1030 329 1079 legatos
348 1030 397 1068 ad
418 1030 611 1067 Caesarem
631 1030 677 1067 de
690 1030 885 1067 deditione
903 1029 1081 1074 mittunt3
1101 1035 1139 1066 et
1154 1029 1378 1079 petentibus

182 1084 327 1127 Remis,
351 1089 391 1120 ut
411 1089 746 1128 conservarentur,
765 1083 989 1132 impetrant.

237 1136 361 1174 XIII.
392 1136 533 1180 Caesar,
563 1136 761 1173 obsidibus
788 1136 955 1185 acceptis
974 1135 1109 1185 primis
1129 1135 1301 1173 civitatis
1322 1140 1379 1172 at-

183 1202 259 1239 que
277 1190 400 1239 ipsius
421 1188 557 1227 Galbae
577 1190 680 1238 regis
701 1190 850 1226 duobus
869 1189 971 1234 filiis,
993 1189 1186 1238 armisque
1201 1189 1382 1226 omnibus

183 1255 235 1281 ex
264 1243 405 1292 oppido
435 1242 599 1288 traditis,
626 1243 667 1278 in
698 1242 935 1280 deditionem
975 1242 1201 1281 Suessiones
1232 1242 1380 1291 accepit

184 1297 477 1344 exercitumque
504 1295 545 1333 in
568 1295 797 1334 Bellovacos
817 1296 935 1333 ducit.
994 1295 1072 1342 Qui
1091 1308 1212 1345 quum
1232 1308 1272 1333 se
1292 1308 1377 1333 sua—

184 1362 260 1399 que
297 1350 425 1387 omnia
456 1350 498 1386 in
531 1349 716 1398 oppidum
752 1349 1073 1398 Bratuspantium
1113 1349 1381 1393 contulissent,

186 1411 300 1452 atque
319 1403 367 1440 ab
387 1416 432 1440 eo
451 1403 590 1452 oppido
611 1402 742 1441 Caesar
762 1415 850 1440 cum
876 1403 1053 1441 exercitu
1080 1402 1235 1440 circiter
1260 1402 1382 1439 millia

185 1469 369 1507 passuum
397 1457 569 1505 quinque
597 1457 759 1500 abesset,
781 1469 913 1494 omnes
932 1456 1096 1505 majores
1115 1461 1221 1500 natu,
1243 1468 1293 1493 ex
1314 1468 1382 1505 op-

187 1511 275 1559 pido
295 1510 449 1559 egressi,
470 1522 607 1547 manus
627 1511 675 1547 ad
696 1509 889 1548 Caesarem
907 1511 1067 1548 tendere
1087 1515 1126 1547 et
1145 1521 1242 1547 voce
1262 1509 1383 1558 signi-

186 1565 300 1601 ficare
320 1568 530 1612 caeperunt,
550 1575 631 1601 sese
650 1563 689 1599 in
704 1562 736 1611 ej
744 1576 787 1600 us
802 1564 917 1600 fidem
931 1576 975 1601 ac
990 1568 1218 1612 potestatem
1232 1563 1380 1607 venire,

187 1629 312 1666 neque
344 1622 479 1654 contra
511 1617 701 1666 populum
738 1617 956 1654 Romanum
986 1617 1103 1654 armis
1137 1616 1383 1654 contendere.

187 1671 288 1708 Item
308 1682 426 1718 quum
446 1670 494 1707 ad
513 1670 697 1719 oppidum
725 1671 947 1708 accessisset
969 1676 1172 1718 castraque
1190 1669 1245 1707 ibi
1265 1682 1384 1718 pone-

186 1730 258 1769 ret,
294 1723 406 1773 pueri
438 1724 695 1772 mulieresque
727 1736 777 1760 ex
809 1736 920 1760 muro
953 1724 1076 1773 passis
1109 1723 1288 1760 manibus
1315 1735 1384 1760 suo

187 1790 294 1815 more
313 1789 446 1826 pacem
466 1778 514 1814 ab
533 1777 718 1814 Romanis
739 1777 948 1825 petierunt.

241 1831 363 1868 XIV.
391 1830 469 1868 Pro
488 1830 548 1866 his
562 1830 780 1868 Divitiacus
797 1830 902 1880 (nam
919 1835 1005 1879 post
1017 1831 1226 1868 discessum
1242 1829 1386 1878 Belga-

188 1897 289 1931 rum,
321 1883 490 1921 dimissis
522 1883 743 1920 AEduorum
774 1884 908 1933 copiis,
945 1883 991 1921 ad
1027 1896 1115 1921 eum
1150 1881 1385 1932 reverterat)

190 1937 283 1975 facit
319 1938 454 1975 verba:
492 1937 719 1974 Bellovacos
753 1938 857 1974 omni
890 1944 1062 1987 tempore
1091 1937 1133 1974 in
1166 1938 1241 1975 fide
1270 1942 1386 1984 atque

191 1988 359 2028 amicitia
377 1991 545 2028 civitatis
565 1990 707 2027 AEduae
727 1990 864 2034 fuisse3
882 1991 1068 2039 impulsos
1083 1993 1131 2028 ab
1147 1991 1226 2028 suis
1242 1990 1387 2039 princi-

191 2044 315 2093 pibus,
352 2044 420 2093 qui
457 2044 637 2089 dicerent,
670 2044 821 2082 AEduos
850 2057 872 2081 a
902 2044 1058 2082 Coesare
1085 2044 1127 2081 in
1156 2045 1385 2082 servitutem

192 2098 365 2135 redactos
401 2110 532 2135 omnes
559 2098 813 2147 indignitates
840 2098 1169 2147 contumeliasque
1197 2097 1385 2147 perferre,

192 2157 231 2188 et
250 2151 298 2188 ab
319 2150 460 2188 AEduis
479 2150 664 2189 defecisse
683 2158 721 2188 et
740 2151 883 2200 populo
903 2151 1077 2188 Romano
1097 2151 1242 2189 bellum
1263 2151 1385 2187 intul-

191 2204 282 2242 isse.
338 2202 414 2250 Qui
432 2204 547 2252 hujus
567 2205 716 2242 consilii
735 2205 930 2254 principes
950 2204 1129 2250 fuissent,
1149 2205 1254 2254 quod
1272 2204 1387 2241 intel-

191 2257 369 2306 ligerent,
398 2263 583 2305 quantam
613 2258 869 2296 calamitatem
900 2258 1050 2296 civitati
1081 2258 1315 2302 intulissent,
1346 2257 1387 2293 in

193 2311 439 2348 Britanniam
458 2310 684 2360 profugisse.
741 2312 881 2349 Petere
901 2324 978 2348 non
998 2311 1122 2349 solum
1146 2311 1386 2354 Bellovacos,

193 2365 261 2402 sed
281 2364 397 2401 etiam
415 2376 485 2413 pro
504 2364 565 2402 his
585 2364 748 2411 AEduos,
770 2371 813 2403 ut
833 2363 902 2403 sua
920 2365 1125 2403 clementia
1144 2378 1187 2402 ac
1210 2376 1388 2401 mansue·

192 2417 328 2456 tudine
347 2417 388 2454 in
407 2430 472 2456 eos
491 2424 637 2456 utatur.
695 2417 806 2465 Quod
827 2419 859 2457 si
879 2418 1026 2465 fecerit,
1050 2419 1269 2456 AEduorum
1296 2429 1386 2455 auc-
