1496 2671
343 114 533 165 QUINTI
562 115 749 154 CURTII
776 113 918 154 RUFI.
1162 112 1210 151 31

37 228 314 268 <so1icitaverant
351 223 502 262 vestri?
547 222 666 270 Impia
686 222 789 259 enim
824 223 920 261 bella
947 220 1139 271 suscipitis,
1171 225 1209 259 et

37 295 157 334 quum
173 278 340 320 habeatis
366 290 478 322 arma,
499 274 660 314 licemini
688 273 847 312 hostium
875 275 997 325 capita
1016 288 1024 313 z
1054 275 1149 312 sicut
1166 278 1207 313 tu

41 335 206 387 proxime
224 331 373 371 talentis
394 332 504 377 mille,
533 328 630 368 tanti
658 328 841 366 exercitus
860 342 936 373 rex,
958 340 1207 378 percussorem

40 390 84 427 'in
101 400 159 425 me
175 398 297 424 emere
312 385 475 422 voluisti.
513 382 671 432 Repello
685 381 799 430 igitur
814 382 962 427 bellum,
983 395 1058 419 non
1077 381 1208 419 infero.

46 443 97 480 Et
123 441 194 478 diis
220 451 368 489 quoque
395 451 463 488 pro
489 437 640 474 meliore
666 435 849 473 stantibus
876 448 998 479 causa,
1036 448 1209 485 magnam

43 499 185 545 partem
212 492 324 529 Asiae
351 492 391 529 in
410 491 591 529 ditionem
617 488 745 537 redegi
766 501 883 525 meam
905 502 912 526 :
945 489 1103 538 teipsum
1132 489 1210 526 acie

42 547 109 586 vici
126 560 136 584 ε
165 556 281 595 quem‘
292 546 362 583 etsi
398 545 492 582 nihil
511 557 532 581 a
551 556 610 580 me
627 542 827 592 impetrare
845 543 1051 591 oportebat,
1081 547 1211 591 utpote

38 600 106 651 qui
129 612 178 637 ne
197 598 284 636 belli
303 599 451 648 quidem
470 598 509 635 in
528 610 587 634 me
602 596 689 645 jura
708 596 921 641 servaveris,
940 600 1078 641 tamen,
1100 596 1129 633 si
1149 608 1212 632 ve·

43 653 142 692 neris
168 652 335 702 supplex,
367 657 405 691 et
431 657 587 690 matrem
615 655 652 688 et
680 648 878 698 conjugem
906 654 944 687 et
971 649 1106 686 liberos
1135 649 1214 686 sinc

42 707 164 758 pretio
182 711 418 755 recepturum
436 710 475 743 te
493 718 572 742 esse
585 703 776 754 promitto.
830 701 883 741 Et
903 702 1050 740 vincere
1069 711 1106 741 et
1124 715 1211 740 con-

43 761 164 799 sulere
181 760 288 797 victis
307 760 394 797 scio.
450 759 563 804 Quod
591 758 619 794 si
647 762 685 795 te
712 756 818 794 nobis
844 756 1075 794 committere
1093 757 1212 801 times,

41 814 211 851 dabimus
225 813 336 850 fidem
350 813 501 862 impune
519 817 729 849 venturum.
786 810 846 847 De
865 815 1002 856 cetero,
1025 822 1106 847 cum
1122 809 1214 846 mihi·

42 867 189 912 scribes,
209 871 394 904 memento
413 879 489 903 non
509 865 631 903 solum
651 865 731 909 regi
745 869 795 903 te,
817 863 884 900 sed
903 863 1012 902 etiam
1033 872 1110 909 tuo,
1125 862 1212 900 scri-

43 919 155 958 bere.’
207 920 270 957 Ad
287 920 383 957 hanc
397 919 652 969 perferendam
674 917 900 966 Thersippus
919 917 1061 963 missus,
1082 918 1161 967 ipse
1174 918 1214 954 in

46 974 256 1011 Phoenicen
275 974 410 1011 deinde
429 973 632 1017 descendit,
664 977 701 1009 et
731 971 908 1020 oppidum
929 971 1078 1021 Byblon
1097 971 1214 1008 tradi-

48 1033 128 1066 tum
146 1027 294 1076 recepit.

99 1080 169 1117 ΙΙΙ.
201 1079 293 1117 Inde
325 1081 373 1118 ad
406 1080 545 1118 Sidona
577 1083 729 1117 ventum
762 1083 830 1121 est,
864 1079 990 1116 urbem
1030 1085 1215 1118 vetustate

46 1133 215 1181 famaque
233 1134 466 1171 conditorum
487 1133 676 1182 inclytam.
733 1132 932 1180 Regnabat
960 1132 999 1169 in
1026 1146 1069 1171 ea
1089 1133 1222 1172 Strato*
1241 1135 1243 1137 ’

47 1186 156 1224 Darii
174 1187 304 1236 opibus
322 1187 474 1236 adjutus
489 1201 497 1231 ;
528 1186 593 1224 sed
612 1186 696 1233 quia
715 1185 941 1223 deditionem
963 1188 1080 1236 magis
1098 1200 1218 1237 popu-

45 1240 178 1278 larium
199 1252 306 1288 quam
328 1253 391 1278 sua
410 1245 542 1290 sponte
568 1240 715 1284 fecerat,
745 1252 861 1287 regno
890 1240 986 1277 visus
1014 1241 1213 1290 indignus:

50 1293 393 1342 Hephaestionique
412 1295 640 1343 permissum,
661 1298 713 1337 ut,
733 1304 840 1341 quem
870 1306 914 1329 eo
941 1294 1084 1342 fastigio
1110 1308 1131 1332 e
1159 1295 1215 1332 Si-

52 1347 171 1384 doniis
213 1348 470 1395 dignissimum
508 1348 760 1391 arbitraretur,
796 1347 1040 1385 constitueret
1075 1361 1216 1397 regem.

53 1400 172 1438 Erant
192 1399 461 1450 Hephaestioni
487 1401 661 1449 hospites,
691 1400 779 1437 clari
806 1400 904 1437 inter
931 1413 1015 1437 suos
1037 1401 1215 1450 juvenes;

43 1454 124 1502 qui,
157 1454 255 1492 facta
284 1455 372 1503 ipsis
403 1460 586 1504 potestate
613 1454 805 1502 regnandi,
835 1460 1065 1501 negaverunt
1092 1468 1217 1504 quem-

44 1519 159 1555 quam
179 1508 300 1557 patrio
320 1521 420 1545 more
438 1509 477 1544 in
496 1508 535 1544 id
555 1507 740 1556 fastigium
760 1507 883 1556 recipi,
901 1508 968 1544 nisi
984 1509 1086 1557 regia
1105 1510 1220 1560 stirpe

56 1566 190 1599 ortum.
263 1562 481 1599 Admiratus
517 1561 747 1610 Hephaestio
784 1561 1077 1609 magnitudinem
1106 1564 1219 1602 animi

54 1614 263 1664 spernentis
300 1615 397 1663 quod
434 1615 495 1652 alii
535 1627 599 1664 per
635 1614 739 1662 ignes
775 1614 984 1663 ferrumque
1019 1622 1217 1665 peterent:

59 1672 69 1687 ‘
85 1667 162 1705 Vos
181 1668 328 1717 quidem
355 1669 467 1706 macti
494 1667 655 1713 virtute,'
681 1668 811 1716 inquit,
841 1671 993 1714 ‘estote,
1023 1671 1085 1718 qui
1111 1672 1220 1720 primi

57 1721 302 1767 intellexistis,
324 1728 463 1770 quanto
485 1722 600 1771 majus
619 1727 715 1759 esset
732 1734 891 1769 regnum
918 1722 1085 1761 fastidire
1111 1737 1219 1773 quam

56 1775 245 1824 accipere:
275 1781 435 1812 ceterum
457 1776 544 1813 date
563 1776 717 1823 aliquem
746 1776 870 1824 regiae
898 1776 1033 1826 stirpis,
1055 1778 1117 1826 qui
1145 1791 1221 1816 me-

58 1828 208 1866 minerit
225 1841 247 1865 a
264 1830 368 1866 vobis
396 1835 584 1878 acceptum
613 1829 748 1865 habere
775 1842 813 1866 se
840 1829 1022 1877 regnum.'
1077 1832 1130 1869 At
1157 1833 1223 1878 illi,

60 1892 172 1928 quum
199 1883 335 1920 multos
361 1883 551 1919 imminere
579 1887 705 1920 tantae
732 1882 809 1930 spei
836 1889 1039 1929 cernerent,
1071 1885 1224 1934 singulis

60 1935 258 1972 amicorum
276 1937 480 1973 Alexandri
500 1937 547 1973 ob
566 1936 716 1972 nimiam
736 1936 842 1983 regni
870 1936 1109 1985 cupiditatem
1131 1940 1223 1977 adu-

62 1987 191 2034 lantes,
212 1994 390 2034 statuunt,
410 1990 595 2027 neminem
624 2002 702 2027 esse
729 1989 909 2038 potiorem
931 2002 1037 2038 quam
1059 1992 1223 2031 Abdalo-

63 2053 214 2090 nymum
233 2043 426 2091 quendam,
440 2044 552 2092 longa
570 2043 717 2091 quidem
739 2043 960 2091 cognatione
979 2045 1084 2094 stirpi
1102 2047 1226 2095 regiae

62 2107 258 2142 annexum,
287 2096 351 2133 sed
378 2098 426 2134 ob
453 2097 614 2145 inopiam
643 2096 895 2134 suburbanum
922 2097 1071 2136 hortum
1094 2101 1227 2149 exigua

62 2148 245 2186 colentem
274 2150 379 2198 stipe.
434 2150 555 2187 Causa
582 2151 615 2187 ei
642 2151 880 2200 paupertatis,
909 2150 1005 2189 sicut
1031 2152 1225 2202 plerisque,

64 2201 228 2250 probitas
247 2208 353 2240 erat:
383 2203 620 2253 intentusque
648 2204 750 2253 operi
778 2204 923 2250 diurno,
944 2207 1142 2255 strepitum
1169 2220 1228 2244 ar-

66 2267 221 2302 morum,
242 2257 303 2304 qui
321 2260 436 2294 totam
457 2258 584 2294 Asiam
603 2262 846 2303 concusserat,
867 2271 944 2295 non
972 2259 1203 2299 exaudiebat.

119 2308 186 2345 IV.
216 2309 347 2347 Subito
375 2309 520 2355 deinde,
551 2311 597 2348 de
624 2312 754 2359 quibus
782 2317 869 2349 ante
897 2311 1037 2350 dictum
1066 2318 1122 2351 est
1148 2327 1231 2351 cum

60 2362 187 2411 regiae
224 2363 336 2402 vestis
372 2363 578 2413 insignibus
615 2365 762 2404 hortum
801 2365 954 2413 intrant,
993 2378 1099 2414 quem
1137 2367 1234 2406 forte
