1496 2671
141 192 193 229 60
480 190 752 229 CORNELII
782 191 1028 232 NEPOTIS

140 296 239 335 CAP.
262 297 429 335 XVIII.
473 298 625 335 Atticus
638 299 792 348 peritus
806 301 1060 350 antiquitatis,
1077 300 1338 350 9eucaloyiue,

645 354 825 403 poetices.

193 439 331 477 MORIS
361 439 477 477 etiam
507 439 695 489 majorum
724 453 897 478 summus
925 441 1098 478 imitator
1126 441 1212 487 fuit,
1237 442 1338 479 anti-

136 493 375 542 quitatisque
395 500 557 531 amator:
586 507 702 543 quam
731 495 826 531 adeo
855 494 1065 543 diligenter
1092 496 1229 533 habuit
1248 509 1338 545 cog-

136 547 272 593 nitam,
295 553 338 583 ut
357 560 441 585 eam
473 554 594 584 totam
619 548 659 584 in
694 561 738 584 eo
768 548 966 585 volumine
996 550 1231 597 exposuerit,
1261 563 1338 598 quo

136 601 388 649 magistratus
419 602 627 639 ordinavit.
685 601 806 638 Nulla
839 602 942 638 enim
976 602 1051 647 lex,
1087 615 1211 651 neque
1245 616 1335 652 pax,

135 666 261 702 neque
294 655 449 697 bellum,
471 668 597 704 neque
628 668 689 692 res
721 655 884 692 illustris
919 661 976 692 est
1005 657 1137 704 populi
1158 657 1335 702 Romani,

136 720 233 755 quae
252 720 330 745 non
350 709 391 745 in
411 722 467 755 eo,
485 722 553 746 suo
573 715 745 758 tempore
760 709 814 745 sic
834 715 983 752 notata3
1004 716 1055 754 et,
1072 710 1172 757 quod
1184 710 1336 748 difficil-

135 762 271 798 limum
299 761 388 808 fuit,
419 763 473 800 sic
502 763 738 800 familiarum
768 763 958 811 originem
988 764 1202 809 subtexuit,
1224 771 1267 801 ut
1286 777 1336 801 ex

137 828 182 852 eo
201 815 392 853 clarorum
413 817 589 853 virorum
619 817 850 865 propagiucs
879 816 1070 864 possimus
1093 830 1334 865 cognoscere.

135 868 248 907 Fecit
267 870 339 907 hoc
367 871 470 907 idem
499 871 708 918 separatim
737 871 776 906 in
806 869 892 906 aliis
920 869 1041 914 libris,
1066 877 1118 916 ut,
1141 871 1199 907 Μ.
1219 871 1337 908 Bruti

133 929 287 971 rogatu,
319 924 484 961 Juniam
521 923 708 961 familiam
742 935 764 959 a
793 923 914 972 stirpe
952 923 1000 961 ad
1034 924 1134 961 hanc
1171 930 1337 962 aetatem

134 977 269 1014 ordine
302 977 602 1020 enumeraverit,
632 983 783 1021 notans,
814 978 892 1025 qui,
926 990 949 1014 a
981 990 1058 1025 quo
1090 983 1212 1024 ortus,
1241 990 1338 1026 quos

134 1030 311 1076 honores,
343 1031 562 1080 quibusque
591 1031 843 1080 temporibus,
879 1031 1068 1079 cepisset:
1103 1032 1187 1080 pari
1224 1032 1338 1068 modo

133 1081 313 1122 Marcelli
344 1085 512 1128 Claudii,
545 1083 839 1128 Marcellorum3
871 1084 1064 1133 Scipionis
1095 1085 1269 1122 Cornelii
1297 1091 1337 1123 et

133 1138 249 1175 Fabii
270 1138 449 1184 Maximi,
473 1137 755 1184 Corneliorum,
777 1145 816 1175 et
845 1138 1125 1183 Fabiorum,.et
1146 1139 1335 1176 Aemilio-

132 1204 222 1230 rum
240 1205 409 1242 quoque:
439 1193 580 1241 quibus
600 1192 710 1230 libris
731 1192 828 1228 nihil
856 1197 983 1240 potest
1003 1204 1085 1230 esse
1104 1192 1255 1229 dulcius
1273 1192 1335 1237 iis,

134 1246 203 1294 qui
240 1246 411 1296 aliquam
458 1247 712 1295 cupiditatem
758 1246 902 1283 habent
946 1245 1108 1283 notitiae
1145 1245 1338 1283 clarorum

133 1299 323 1337 virorum.
380 1300 530 1348 Attigit
550 1311 700 1348 quoque
728 1300 924 1348 poeticen3
951 1299 1156 1344 credimus,
1177 1311 1226 1336 ne
1252 1298 1336 1348 ejus

133 1365 275 1402 expers
304 1359 404 1390 esset
434 1353 652 1390 suavitatis:
682 1365 848 1401 namque
877 1353 1067 1398 versibus,
1088 1353 1157 1401 qui
1176 1353 1336 1395 honore,

131 1419 339 1456 rerumque
384 1413 584 1456 gestarum
631 1406 900 1455 amplitudine,
948 1412 1120 1443 caeteros
1166 1406 1336 1444 Romani

131 1461 265 1509 populi
284 1461 575 1509 praestiterunt,
603 1460 801 1509 exposuit3
830 1461 895 1504 ita,
916 1460 1066 1506 ut,sub
1094 1459 1338 1509 singulorum

131 1514 383 1563 imaginibus,
412 1513 513 1551 facta
547 1514 873 1563 magistratusque
900 1526 1034 1550 eorum
1059 1526 1136 1550 non
1169 1513 1336 1562 amplius

132 1568 332 1616 quaternis
369 1568 550 1617 quinisve
589 1568 766 1604 versibus
803 1567 1052 1616 descripserit
1072 1581 1082 1611 3
1124 1568 1228 1616 quod
1264 1568 1337 1605 vix

132 1622 368 1659 credendum
388 1622 449 1666 sit,
471 1627 599 1658 tantas
628 1633 690 1658 res
718 1627 798 1658 tam
826 1621 999 1658 breviter
1018 1620 1189 1669 potuisse
1209 1621 1336 1659 decla-

132 1675 226 1712 rari,
288 1675 363 1713 Est
399 1676 518 1712 etiam
556 1687 656 1712 unus
693 1674 806 1719 liber,
846 1672 997 1711 Graece
1035 1674 1246 1720 confectus,
1286 1675 1335 1712 de

131 1729 333 1766 consulatu
372 1728 587 1766 Ciceronis.
657 1728 872 1773 Hactenus,
913 1727 1050 1765 Attico
1087 1727 1192 1774 vivo,
1230 1727 1335 1765 edita

133 1782 228 1820 haec
248 1795 270 1820 a
289 1783 401 1820 nobis
422 1789 524 1820 sunt.

135 1933 235 1972 CAP.
259 1934 381 1972 XIX.
438 1934 593 1971 Atticus
611 1945 761 1971 morum
788 1931 980 1982 elevantia
1006 1931 1216 1970 Octaviani
1239 1932 1334 1970 Cae·

417 1989 519 2024 saris
539 1986 771 2037 affinitatem
789 1993 1024 2024 consecutus.

185 2073 325 2119 NUNC,
346 2074 528 2123 quoniam
541 2074 698 2111 fortuna
717 2086 787 2111 nos
806 2073 1033 2122 superstites
1048 2074 1084 2109 ei
1101 2086 1183 2111 esse
1195 2074 1334 2121 voluit,

132 2127 283 2177 reliqua
313 2140 600 2176 persequemur,
636 2135 685 2173 et,
718 2134 906 2176 quantum
943 2127 1168 2176 poterimus,
1203 2140 1334 2165 rerum

132 2181 320 2230 exemplis
340 2181 503 2218 lectores
519 2182 752 2225 docebimus,
771 2181 869 2218 sicut
882 2194 1000 2230 supra
1015 2181 1332 2230 significavimus,

131 2247 220 2271 suos
257 2235 392 2284 cuique
432 2247 553 2271 mores
594 2234 825 2284 plerumque
866 2234 1074 2271 conciliare
1107 2234 1332 2283 fortunam.

132 2288 314 2337 Namque
334 2288 409 2332 hic,
431 2295 636 2325 contentus
656 2288 791 2325 ordine
811 2288 995 2336 equestri,
1015 2301 1091 2337 quo
1111 2294 1196 2325 erat
1210 2294 1330 2331 ortus,

131 2342 171 2377 in
193 2342 418 2379 affinitatem
439 2342 616 2390 pervenit
636 2342 880 2391 imperatoris
900 2342 981 2378 divi
997 2342 1098 2379 Julii
1113 2342 1197 2387 filii,
1210 2353 1330 2391 quum

126 2394 209 2444 jam
244 2401 332 2433 ante
363 2394 665 2433 familiaritatem
699 2395 782 2443 ejus
816 2402 915 2432 esset
949 2403 1190 2441 consecutus,
1223 2393 1330 2435 nulla
