1496 2671
179 95 230 131 20
515 92 786 132 CORNELII
814 94 1057 134 NEPOTIS

179 200 433 238 adhibendam
443 205 687 250 putaverunt,
702 215 817 251 quam
834 214 873 239 se
884 202 966 251 ipse
978 203 1199 241 indicasset.
1232 203 1373 253 Itaque

178 254 270 291 huic
297 255 429 298 indici,
456 255 549 302 quid
576 255 660 292 fieri
689 255 843 298 vellent,
872 263 1163 305 praeceperunt.
1219 257 1370 295 Fanum

178 308 354 356 Neptuni
375 315 433 345 est
452 308 630 354 Taenari,
651 309 753 358 quod
771 309 909 346 violari
936 310 1042 347 nefas
1061 316 1200 360 putant
1219 309 1370 349 Graeci.

177 361 236 398 Eo
256 362 320 399 ille
339 361 459 399 index
485 362 674 411 confugit:
703 363 744 398 in
772 360 839 400 ara
866 363 1050 401 consedit.
1106 364 1220 402 Hanc
1241 364 1370 413 juxta,

177 415 304 452 locum
332 414 507 453 fecerunt
534 417 606 453 sub
625 414 740 461 terra,
762 428 812 453 ex
831 429 907 465 quo
936 422 1063 465 posset
1088 417 1214 454 audiri
1233 419 1265 455 si
1283 419 1372 467 quis

177 469 271 516 quid
289 469 511 518 loqueretur
530 481 618 506 cum
640 469 809 518 Argilio.
866 468 955 507 Huc
974 483 1025 507 ex
1044 471 1197 519 ephoris
1215 472 1371 520 quidam

177 523 472 560 descenderunt.
528 523 753 568 Pausanias,
788 529 832 560 ut
868 524 1018 561 audivit
1050 524 1248 573 Argilium
1281 537 1371 562 con·

177 575 324 625 fugisse
355 576 395 613 in
430 589 547 621 aram,
583 577 832 625 perturbatus
864 589 909 614 eo
937 577 1062 621 venit3
1100 590 1216 627 quem
1251 590 1372 626 quum

177 630 390 679 supplicem
410 631 472 667 dei
493 631 642 667 videret
660 631 701 666 in
730 628 797 667 ara
825 631 1032 674 sedentem,
1053 631 1206 683 quaerit
1233 643 1372 670 causae

177 684 271 732 quid
304 684 354 721 sit
387 690 467 720 tam
499 684 692 733 repentini
725 684 888 721 consilii.
946 683 1050 722 Huic
1082 685 1158 730 ille,
1195 685 1289 733 quid
1322 697 1373 722 ex

176 737 300 775 literis
336 737 596 787 comperisset,
631 738 766 787 aperit.
835 738 962 776 Tanto
999 739 1123 788 magis
1160 738 1373 776 Pausanias

175 792 425 839 perturbatus
445 804 555 829 orare
575 793 700 840 coepit
720 804 767 829 ne
787 792 1017 838 enuntiaret,
1039 805 1110 830 nec
1131 805 1171 829 se
1189 793 1370 829 meritum

177 845 225 882 de
252 845 320 881 illo
348 846 501 893 optime,
533 846 753 894 proderet.‘
784 844 897 891 Quod
930 846 962 883 si
996 858 1078 883 eam
1112 846 1266 884 veniam
1298 846 1372 883 sibi

177 899 356 943 dedisset,
376 899 572 947 tantisque
590 899 821 947 implicitum
841 900 956 936 rebus
970 897 1219 946 sublevasset,
1233 912 1373 949 magno

177 964 260 989 esse
278 952 313 989 ei
334 952 504 1002 praemio
524 951 711 989 futurum.

179 1092 278 1131 CAP.
296 1093 347 1130 V.
378 1091 606 1130 Pausanias
620 1094 660 1129 in
683 1092 905 1129 Chalcioeeo
924 1091 1131 1130 Minervae
1149 1092 1372 1138 obstruitur,

624 1152 660 1183 et
673 1159 758 1183 mox
776 1147 919 1183 interit.

232 1221 309 1259 H1s
329 1223 458 1266 rebus,
478 1222 624 1271 ephori,
645 1221 824 1270 cognitis,
838 1222 956 1259 satius
973 1227 1208 1271 putaverunt
1221 1222 1260 1258 in
1278 1223 1373 1259 urbe

178 1288 266 1314 eum
288 1276 573 1324 comprehendi.
632 1274 718 1321 Quo
739 1288 857 1323 quum
877 1283 1004 1313 essent
1021 1275 1195 1325 profecti,
1213 1281 1251 1313 et
1267 1276 1371 1312 Pau-

177 1330 314 1375 sanias,
361 1330 511 1378 placato
548 1327 713 1378 Argilio,
752 1335 795 1365 ut
840 1330 1010 1377 putabat,
1049 1329 1374 1367 Lacedaemonem

177 1389 450 1428 reverteretur,
471 1383 510 1418 in
540 1383 679 1420 itinere
699 1395 819 1431 quum
841 1382 924 1431 jam
952 1383 993 1419 in
1021 1395 1066 1420 eo
1091 1388 1191 1420 esset
1209 1388 1252 1419 ut
1270 1395 1373 1420 com-

177 1437 494 1487 prehenderetur,
535 1449 555 1473 e
593 1437 704 1473 vultu
742 1436 941 1484 cujusdam
988 1437 1133 1485 ephori,
1172 1437 1238 1486 qui
1286 1448 1373 1473 eum

178 1492 384 1528 admonere
403 1490 596 1539 cupiebat,
611 1490 769 1527 insidias
790 1490 862 1526 sibi
879 1490 961 1526 fieri
981 1490 1189 1527 intellexit.
1235 1489 1375 1538 Itaque

178 1544 311 1594 paucis
332 1550 421 1581 ante
438 1544 635 1593 gradibus,
655 1557 770 1592 quam
790 1544 857 1592 qui
883 1545 1152 1592 sequebantur,
1173 1544 1213 1580 in
1242 1544 1374 1580 aedem

180 1599 394 1642 Minervae,
425 1610 523 1645 quae
549 1596 797 1634 Chalcioecus
824 1603 995 1642 vocatur,
1025 1596 1214 1645 confugit.
1270 1595 1374 1634 Hinc

179 1664 228 1689 ne
250 1652 358 1689 exire
377 1657 517 1700 posset,
540 1651 668 1688 statim
689 1650 822 1699 ephori
842 1651 974 1687 valvas
994 1650 1076 1699 ejus
1097 1650 1202 1687 aedis
1221 1650 1373 1686 obstru-

179 1711 334 1750 xerunt,
363 1711 585 1753 tectumque
614 1712 703 1741 sunt
731 1704 912 1749 demoliti,
934 1716 1009 1752 quo
1035 1703 1187 1740 facilius
1214 1704 1286 1740 sub
1311 1704 1375 1741 dio

180 1759 373 1796 interiret.
455 1756 609 1795 Dicitur
646 1771 691 1796 eo
731 1764 904 1806 tempore
949 1764 1111 1794 matrem
1156 1757 1374 1794 Pausaniae

181 1813 339 1858 vixisse,
361 1825 531 1861 eamque,
555 1811 637 1859 jam
661 1824 801 1860 magno
820 1817 926 1856 natu,
946 1819 1147 1859 postquam
1166 1811 1213 1847 de
1232 1811 1375 1848 scelere

181 1867 253 1903 filii
273 1867 470 1914 comperit,
491 1866 532 1902 in
553 1865 699 1913 primis,
720 1865 766 1901 ad
786 1864 908 1901 filium
929 1865 1194 1909 claudendum,
1208 1863 1376 1913 lapidem

183 1921 231 1957 ad
251 1920 455 1956 introitum
482 1920 589 1956 aedis
617 1919 805 1956 attulisse.
864 1918 928 1956 Sic
956 1918 1168 1955 Pausanias
1196 1930 1373 1967 magnam

183 1973 274 2010 belli
294 1974 456 2022 gloriam
476 1974 580 2021 turpi
601 1979 724 2009 morte
743 1972 962 2009 maculavit.
1019 1971 1107 2016 Hic,
1124 1984 1243 2020 quum
1263 1971 1376 2008 semi-

143 2035 156 2043 ‘
184 2027 323 2064 animis
361 2027 407 2064 de
444 2026 587 2075 templo
633 2026 755 2063 elatus
802 2031 912 2070 esset,
959 2024 1161 2063 confestim
1208 2025 1376 2062 animam

184 2081 340 2118 efflavit.
398 2079 522 2128 Cujus
555 2080 696 2116 mortui
728 2092 867 2128 corpus
896 2092 1015 2127 quum
1047 2078 1173 2115 eodem
1200 2078 1377 2115 nonnulli

185 2135 358 2171 dicerent
393 2132 535 2181 inferri
567 2135 750 2182 oportere,
782 2145 856 2181 quo
886 2132 938 2178 hi,
969 2132 1038 2182 qui
1064 2131 1117 2168 ad
1145 2131 1376 2181 supplicium

185 2193 306 2224 essent
323 2187 434 2230 dati5
463 2187 659 2235 displicuit
690 2187 887 2236 pluribus3
918 2193 956 2224 et
984 2186 1118 2235 procul
1146 2187 1193 2223 ab
1222 2198 1266 2223 eo
1293 2186 1377 2222 loco

185 2241 421 2287 infoderunt,
440 2253 515 2289 quo
535 2247 616 2278 erat
636 2246 824 2277 mortuus.
880 2240 977 2277 Inde
996 2239 1185 2288 posterius
1205 2239 1264 2277 dei
1283 2234 1374 2276 Del-

186 2295 291 2344 phici
312 2307 494 2343 responso
523 2301 668 2340 erutus,
690 2300 804 2342 atque
833 2294 965 2331 eodem
993 2294 1076 2331 loco
1106 2293 1288 2342 sepultus,
1309 2292 1374 2328 ubi

186 2349 308 2387 vitam
330 2349 497 2392 finierat.
