1496 2671
520 173 534 190 Ι

371 273 513 306 MAncl
543 257 691 306 TULLu
717 274 952 306 emenonis

86 369 324 437 LAELIUS
343 368 486 426 SIVE
507 369 588 425 DE
615 366 914 424 AMICITIA
936 364 1244 422 DIALOGUS

638 483 684 504 AD

249 556 424 593 TITUM
453 554 783 592 POMPONIUM
814 553 1072 590 ATTICUM.

561 696 769 703 *—

140 794 169 830 1.
201 793 237 829 1.
268 792 445 837 QUINTUS
472 790 619 828 Mucius
647 802 764 838 augur
785 789 901 826 muita
916 802 1065 826 narrare
1092 790 1138 826 de
1159 777 1276 826 Caio·

89 846 213 892 Laelio,
230 857 355 882 socero
375 857 452 890 suo,
467 844 677 882 memoriter
697 848 733 880 et
747 843 914 893 jucunde
926 843 1076 888 solebat,
1098 855 1166 880 nee
1181 843 1249 879 dn-

86 901 214 946 bitare,
234 899 338 936 illum
356 899 395 935 in
414 897 512 935 omni
532 910 698 935 sermone
717 897 901 947 appellare
920 896 1122 945 sapientem
1140 908 1148 931 :
1178 909 1249 945 ego

85 959 210 992 autem
229 965 251 990 a
268 957 373 1002 patre
390 952 444 989 ita
461 964 559 989 eram
587 951 768 990 deductus
788 950 835 987 ad
864 949 1074 993 Scaevolam,
1104 955 1250 999 sumpta

84 1007 181 1045 virili
208 1011 308 1055 toga,
337 1010 392 1051 ut,
420 1005 542 1054 quoad
561 1017 703 1055 possem
732 1010 768 1043 et
794 1004 932 1047 liceret,
962 1017 983 1040 a
1011 1003 1107 1040 senis
1134 1004 1251 1041 latere

88 1073 277 1110 nunquam
304 1059 540 1096 discederem.
598 1058 728 1107 Itaque
756 1057 873 1095 multa
900 1057 947 1094 ab
974 1069 1017 1094 eo
1045 1057 1250 1106 prudenter

87 1115 285 1164 disputata,
305 1113 423 1150 multa
441 1113 550 1150 etiam
570 1112 776 1150 breviteret
795 1111 986 1148 commode
998 1110 1098 1148 dicta
1112 1123 1249 1147 memo-

88 1169 151 1205 riae
168 1166 401 1211 mandabam,
415 1166 568 1214 fierique
583 1165 776 1203 studebam
789 1165 867 1214 ejus
882 1164 1081 1214 prudentia
1095 1164 1254 1202 doctior.

89 1221 175 1267 Quo
193 1224 353 1265 mortuo,
374 1231 432 1256 me
450 1219 498 1256 ad
517 1219 726 1267 pontificem
748 1219 949 1256 Scaevolam
968 1218 1120 1262 contuli,
1142 1231 1251 1266 quem

90 1287 206 1312 unum
225 1278 361 1310 nostrae
380 1272 540 1310 civitatis
560 1277 597 1310 et
616 1273 767 1321 ingenio
787 1277 823 1309 et
838 1271 1257 1320 justitiapraestantissi-

89 1341 190 1365 mum
218 1327 336 1364 audeo
364 1326 499 1362 dicere.
555 1326 629 1362 Sed
649 1326 695 1363 de
714 1326 785 1363 1100
803 1325 891 1362 alias
912 1336 920 1361 z
950 1338 1049 1361 1111110
1076 1325 1188 1362 1·0(100
1208 1325 1256 1362 ad

88 1393 280 1431 augurem.
334 1379 370 1421 2.
402 1379 528 1424 Quum
547 1392 640 1428 saepe
667 1380 794 1424 multa,
816 1385 895 1416 tum
914 1379 1075 1423 memini,
1096 1379 1195 1415 domi
1215 1379 1254 1414 in

90 1433 305 1484 hemicyclio
325 1433 524 1477 sedentem,
544 1439 587 1470 ut
607 1433 758 1477 solebat,
773 1445 887 1482 quum
906 1437 943 1469 et
962 1444 1031 1480 ego
1051 1445 1166 1468 essem
1180 1445 1255 1468 una

90 1495 129 1527 et
156 1487 264 1538 pauci
290 1486 490 1524 admodum
516 1485 722 1531 familiares,
751 1486 790 1522 in
817 1499 901 1523 eum
928 1498 1131 1522 sermonem
1151 1485 1255 1522 illum

93 1542 263 1586 incidere,
284 1540 348 1589 qui
366 1545 445 1577 tuni
464 1539 539 1576 sere
559 1540 728 1576 omnibus
747 1544 826 1577 erat
853 1539 892 1575 in
921 1551 994 1575 ore.
1052 1539 1256 1576 Meministi

89 1596 186 1633 enim
197 1593 375 1644 profecto,
394 1593 532 1638 Attice,
554 1597 590 1630 et
609 1606 653 1630 eo
667 1593 796 1641 magis,
817 1593 917 1642 quod
937 1592 1071 1629 Publio
1091 1592 1255 1641 Sulpicio

92 1649 242 1688 utebare
259 1647 427 1691 multum,
452 1645 580 1696 (quum
608 1647 638 1684 is
668 1647 855 1683 Tribunus
874 1646 991 1695 plebis
1011 1645 1159 1695 capitali
1171 1646 1257 1683 odio

91 1717 113 1740 a
133 1701 276 1748 Quinto
296 1700 483 1749 Pompeio,
505 1701 568 1749 qui
587 1705 665 1738 tum
681 1705 761 1738 erat
777 1700 926 1744 Consul,
944 1699 1150 1744 dissideret,
1166 1712 1258 1748 quo-

91 1768 178 1794 cum
221 1753 519 1803 conjunetissime
553 1759 590 1792 et
627 1754 874 1791 amantissime
912 1753 1082 1803 vixerat),
1121 1758 1261 1801 quanta

93 1809 285 1846 hominum
313 1812 408 1845 esset
435 1807 493 1843 vel
522 1807 729 1853 admiratio,
758 1807 817 1844 vel
844 1807 1003 1857 querela.
1059 1808 1094 1844 3.
1127 1806 1260 1855 Itaque

94 1868 176 1902 tum
190 1861 364 1906 Scaevola,
386 1874 499 1910 quum
518 1861 557 1897 in
576 1874 655 1898 eam
676 1862 791 1910 ipsam
811 1861 1037 1897 mentionem
1056 1860 1259 1904 incidisset,

99 1915 269 1965 exposuit
288 1915 396 1952 nobis
416 1927 621 1951 sermonem
641 1914 748 1952 Laelii
768 1915 815 1951 de
834 1914 1006 1959 amicitia,
1027 1914 1195 1951 habitum
1215 1914 1262 1950 ab

96 1970 162 2006 illo
189 1981 312 2006 secum
339 1974 376 2006 et
404 1981 486 2005 cum
514 1968 630 2005 altero
657 1981 795 2017 genero
825 1967 914 2005 Caio
944 1967 1098 2012 Fannio,
1119 1967 1174 2003 M.
1204 1966 1262 2012 F„

98 2021 225 2072 paucis
236 2021 366 2058 diebus
379 2027 462 2070 post
482 2028 637 2059 mortem
656 2021 837 2059 Africani.
893 2020 986 2070 Ejus
1001 2020 1263 2070 disputationis

99 2075 301 2114 sententias
327 2075 509 2112 memoriae
535 2075 736 2119 mandavi;
775 2087 864 2125 quas
891 2075 961 2111 1100
988 2075 1083 2111 libro
1111 2074 1264 2123 exposui

100 2141 183 2167 meo
202 2127 396 2166 arbitratu.
453 2128 568 2173 Quasi
595 2129 692 2165 enim
719 2130 817 2178 ipsos
843 2128 975 2165 induxi
992 2129 1196 2177 loquentes,
1217 2140 1265 2164 ne

101 2183 258 2232 Inqaam
284 2186 322 2218 et
348 2180 474 2230 Inquit
500 2182 630 2232 saepius
657 2183 968 2231 interponeretur,
989 2187 1101 2231 atque
1119 2185 1162 2218 ut
1180 2186 1263 2219 tan—

103 2248 212 2285 quam
255 2247 278 2272 a
317 2234 557 2283 praesentibus
597 2249 719 2273 coram
754 2235 881 2273 haberi
917 2248 1036 2273 sermo
1064 2235 1266 2273 videretur.

105 2289 233 2334 Quum
246 2287 344 2326 enim
363 2301 456 2337 saepe
469 2301 609 2325 mecum
624 2302 763 2338 ageres,
777 2294 819 2327 ut
835 2289 882 2327 de
894 2289 1054 2327 amicitia
1073 2289 1268 2326 scriberem

102 2341 254 2393 aliquid,
276 2341 390 2391 digna
406 2341 497 2379 mihi
523 2354 582 2380 res
609 2355 722 2392 quum
751 2343 914 2381 omnium
943 2343 1166 2393 cognitione,
1187 2346 1267 2379 tum

640 2396 673 2432 A
703 2396 727 2432 2
