1496 2671
250 142 273 177 4
538 142 729 187 QUINTI
761 141 949 180 CURTII
978 141 1123 179 RUFI.

307 304 331 339 l.
363 303 485 339 INTER
503 304 593 340 haec
612 304 837 348 Alexander,
858 304 906 341 ad
933 301 1216 341 conducendum
1243 312 1290 338 ex
1309 301 1416 339 Pelo-

248 369 414 406 ponneso
441 357 595 394 militem
623 357 809 395 Cleandro
835 370 919 394 cum
945 356 1103 402 pecunia
1128 356 1250 401 misso,
1280 355 1419 406 Lyciae

251 410 564 460 Pamphyliaeque
600 412 710 448 rebus
747 410 970 460 compositis,
1009 410 1058 447 ad
1082 410 1211 447 urbem
1242 409 1419 446 Celaenas

248 464 451 502 exercitum
478 465 653 503 admovit.
711 465 874 501 Mediam
901 464 966 501 illa
991 468 1212 513 tempestate
1229 463 1417 501 interflue-

248 520 312 555 bat
331 518 500 567 Marsyas
519 519 647 564 amnis,
668 518 844 555 fabulosis
865 517 1094 555 Graecorum
1118 516 1342 554 carminibus
1360 517 1416 553 in-

248 573 383 620 clytus.
440 571 538 609 Fons
557 573 646 621 ejus,
668 585 714 609 ex
740 584 882 609 summo
909 570 1046 609 montis
1073 570 1262 607 cacumine
1288 583 1418 607 excur-

249 638 343 670 rens,
377 626 418 662 in
454 625 657 675 subjectam
693 631 838 675 petram
874 637 1011 674 magno
1047 624 1205 674 strepitu
1240 636 1419 673 aquarum

248 679 371 722 eadit3
400 680 488 716 inde
507 680 674 723 diffusus,
695 679 949 728 circumjectos
967 678 1066 727 rigat
1085 689 1243 727 campos,
1257 677 1419 727 liquidus

247 739 285 770 et
303 745 387 770 suas
408 734 592 771 duntaxat
610 733 730 771 undas
748 733 912 770 trahens.
969 732 1101 780 Itaque
1127 731 1228 768 color
1246 731 1324 780 ejus
1344 731 1419 780 pla-

247 786 330 823 cido
347 788 439 824 mari
459 787 586 824 similis
605 788 726 825 locum
740 791 935 836 poetarum
949 784 1141 823 mendacio
1153 784 1264 827 fecit3
1283 784 1422 834 quippe

248 840 426 878 tradit-um
446 846 502 878 est
520 841 714 890 nymphas,
736 853 860 877 amore
874 840 992 877 amnis
1005 843 1181 884 retentas,
1196 838 1236 875 in
1251 838 1314 875 illa
1326 850 1419 887 rupe

247 895 449 931 considere.
506 895 695 940 Ceterum,
714 894 892 943 quamdiu
911 894 1010 932 intra
1027 905 1152 930 muros
1169 892 1264 936 fluit,
1279 904 1419 928 nomen

248 961 355 984 suum
391 949 554 993 retinet;
594 955 632 986 at
670 961 785 997 quum
812 952 917 985 extra
944 947 1176 984 munimenta
1202 958 1241 982 se
1267 945 1417 989 evolvit,

246 1001 385 1050 majore
412 1002 449 1038 vi
477 1015 519 1039 ac
546 1003 642 1040 mole
670 1007 844 1051 agentem
871 1001 1002 1047 undas,
1033 1000 1179 1050 Lycum
1214 998 1416 1048 appellant.

247 1056 462 1093 Alexander
489 1056 640 1105 quidem
668 1057 798 1092 urbem
823 1055 1042 1094 destitutam
1060 1067 1083 1091 a
1099 1053 1174 1091 suis
1191 1052 1332 1095 intrat;
1362 1065 1421 1091 ar-

246 1122 324 1145 cem
344 1122 443 1154 vero,
464 1110 505 1146 in
523 1123 634 1159 quam
653 1110 911 1158 confugerant,
930 1120 1147 1158 oppugnare
1174 1107 1339 1150 ador-tm,
1359 1119 1418 1143 ca-

246 1164 482 1201 duceatorem
503 1165 691 1213 praemisit
719 1164 782 1213 qui
800 1163 1055 1207 denunciaret,
1085 1161 1125 1198 ni
1151 1160 1343 1204 dederent,
1364 1160 1420 1209 ip-

245 1230 304 1253 sos
323 1217 455 1255 ultima
474 1230 552 1255 esse
570 1230 755 1267 passuros.
811 1217 871 1253 Illi
899 1217 1191 1260 caduceatorem,
1218 1214 1259 1250 in
1287 1214 1418 1251 turrim

247 1278 284 1307 et
303 1271 377 1308 situ
397 1276 434 1310 et
453 1284 564 1320 opere
581 1272 740 1309 multum
759 1271 897 1308 editam
916 1270 1149 1320 perductum,
1165 1273 1305 1317 quanta
1323 1273 1420 1305 esset

245 1324 407 1362 altitudo
443 1325 581 1363 intueri
611 1325 759 1375 jubent,
798 1337 840 1362 ac
877 1324 1054 1361 nunciare
1079 1322 1307 1366 Alexandro,
1343 1333 1420 1358 non

246 1379 375 1415 eadem
393 1380 514 1428 ipsum
533 1384 572 1416 et
589 1380 729 1416 incolas
748 1378 1004 1416 aestimatione
1022 1376 1254 1414 munimenta
1270 1374 1393 1413 metiri
1408 1387 1420 1419 ;

246 1446 283 1469 se
302 1433 395 1470 scire
412 1433 721 1482 inexpugnabiles
740 1445 818 1469 esse
834 1445 842 1476 3
871 1431 919 1468 ad
937 1431 1122 1475 ultimum,
1138 1441 1207 1479 pro
1220 1429 1295 1466 fide
1309 1428 1421 1466 mori·-

245 1492 359 1523 turos.
418 1487 604 1532 Ceterum,
625 1493 668 1524 ut
687 1485 939 1523 circumsideri
958 1497 1079 1521 arcem
1097 1488 1136 1521 et
1153 1483 1278 1520 omnia
1295 1481 1364 1520 sibi
1380 1481 1418 1518 in

244 1540 323 1576 dies
351 1540 510 1578 arctiora
536 1541 711 1578 viderunt
740 1552 830 1584 esse,
859 1539 1055 1588 sexaginta
1081 1537 1225 1574 dierum
1251 1536 1422 1574 inducias

243 1594 354 1641 pacti,
375 1598 429 1640 ut,
450 1595 522 1631 nisi
552 1594 654 1632 intra
680 1607 743 1631 eos
770 1593 948 1630 auxilium
978 1592 1116 1629 Darius
1143 1591 1222 1640 ipse
1247 1590 1418 1634 misisset,

245 1647 426 1685 dederent
445 1661 565 1686 arcem
581 1662 590 1692 ;
619 1653 816 1698 postquam
834 1647 927 1683 nihil
945 1646 1033 1683 inde
1051 1643 1226 1694 praesidii
1245 1643 1416 1681 mitteba—

247 1706 318 1745 tur,
339 1702 385 1738 ad
406 1702 665 1751 praestitutam
682 1702 780 1738 diem
801 1701 999 1750 permisere
1017 1711 1056 1736 se
1073 1698 1165 1747 regi.

299 1755 351 1791 ΙΙ.
381 1755 659 1805 Superveniunt
677 1755 814 1792 deinde
836 1754 951 1803 legat-i
969 1750 1268 1795 Atheniensium,
1287 1754 1416 1799 peten-

245 1815 299 1845 tes
328 1816 371 1846 ut
399 1810 498 1858 capti
526 1810 624 1859 apud
653 1809 858 1845 Granicum
886 1819 1028 1845 amnem
1056 1805 1304 1842 redderentur
1333 1803 1417 1840 sibi.

250 1863 314 1899 Ille
332 1875 409 1900 non
437 1864 504 1900 hos
531 1864 653 1908 modo,
683 1863 749 1899 sed
777 1863 887 1900 etiam
916 1867 1057 1898 ceteros
1077 1858 1252 1903 GraecOS,
1271 1857 1420 1895 restitui

245 1918 319 1953 suis
332 1917 525 1966 jussurum
544 1917 748 1967 respondit,
768 1916 874 1953 finito
891 1915 1041 1952 Persico
1058 1912 1171 1950 bello.
1228 1911 1418 1956 Ceterum,

245 1970 363 2008 Dario
400 1971 606 2017 imminens,
637 1983 746 2020 quem
773 1970 941 2007 nondum
969 1967 1201 2017 Euphratem
1228 1977 1419 2014 superasse

246 2031 482 2072 cognoverat,
499 2025 665 2074 undique
678 2036 804 2061 omnes
818 2023 942 2073 copias
961 2020 1157 2065 contrahit,
1170 2019 1260 2057 totis
1278 2018 1420 2055 viribus

244 2078 341 2115 tanti
352 2079 439 2115 belli
451 2079 644 2116 discrimen
659 2078 840 2115 aditurus.
884 2075 1045 2125 Phrygia
1059 2079 1139 2111 erat
1150 2085 1216 2122 per
1227 2085 1337 2122 quam
1348 2071 1417 2108 du-

246 2132 397 2169 cebatur
416 2133 611 2177 exercitus,
632 2132 800 2182 pluribus
818 2130 908 2167 vicis
927 2142 1038 2178 quam
1057 2127 1212 2164 urbibus
1228 2128 1413 2175 frequens.

246 2185 354 2222 Tunc
366 2186 528 2224 habebat
541 2187 729 2235 quondam
744 2185 905 2221 nobilem
918 2183 1044 2220 Midae
1055 2181 1214 2230 regiam3
1232 2179 1416 2216 Gordium

247 2251 382 2275 nomen
410 2244 465 2276 est
493 2240 588 2281 urbi,
609 2252 719 2289 quam
743 2237 945 2286 Sangarius
971 2235 1089 2273 amnis
1115 2233 1308 2279 interfluit,
1336 2231 1416 2281 pari

246 2293 441 2330 intervallo
470 2293 627 2330 Pontico
664 2298 702 2331 et
730 2292 860 2329 Cilicio
894 2290 986 2328 mari
1019 2287 1256 2327 distantem*
1313 2285 1416 2323 Inter

269 2386 301 2456 b‘
318 2384 425 2457 sacriste&
439 2384 487 2415 hic
501 2384 588 2415 locus
608 2385 762 2416 erroribus
784 2382 1004 2425 Geographicis
1026 2380 1135 2422 quibus
1157 2377 1269 2420 passim
1293 2376 1418 2408 Curtius

249 2437 265 2457 a
289 2437 330 2457 un
373 2430 395 2456 t.
