1496 2671
379 119 485 144 CATO
512 117 649 143 MAJOR
679 116 732 142 Da
765 115 1024 143 snuuc'ru'ru.
1278 103 1299 139 9

174 215 222 252 V.
255 214 316 252 13.
346 213 530 259 Quorsum
549 213 652 261 igitur
680 211 763 249 haec
790 217 865 248 tam
895 212 1007 249 multa
1028 211 1072 248 de
1091 209 1297 248 Maximo?

123 269 222 315 Quia
249 267 410 319 profecto
442 265 582 311 videtis,
611 264 714 302 nefas
741 276 821 302 esse
848 264 961 311 dictu,
990 265 1161 302 miseram
1189 263 1300 300 fuisse

118 322 226 359 talem
254 326 493 359 senectutem.
554 319 632 356 Nec
660 325 783 356 tamen
805 330 933 355 omnes
951 325 1104 368 possunt
1121 329 1200 355 esse
1222 317 1299 354 Sci-

119 376 246 424 piones
273 379 334 411 aut
351 372 525 420 Maximi,
546 379 584 410 ut
611 373 754 410 urbium
783 373 1084 421 expugnationes,
1103 377 1143 409 ut
1169 370 1299 422 pedes—

118 436 188 466 tres
215 428 411 465 navalesve
439 439 589 476 pugnas,
618 432 657 463 ut
683 426 777 463 bella
806 438 826 462 a
854 438 892 462 se
911 432 1022 473 gesta,
1043 432 1082 464 ut
1100 424 1302 475 triumphos

117 481 359 519 recordentur.
418 480 486 518 Est
503 481 614 518 etiam
634 480 757 529 quiete
777 485 814 516 et
831 480 925 528 pure
944 485 980 515 et
997 480 1180 528 eleganter
1207 486 1300 516 actae

117 537 231 573 aetatis
249 533 394 584 placida
414 546 460 571 ac
479 534 569 570 lenis
587 542 778 572 senectus:
806 533 954 581 qualem
982 533 1196 582 accepimus
1216 532 1300 570 Pla-

115 589 221 636 tonis,
241 589 300 638 qui
322 600 395 624 uno
422 594 458 625 et
485 588 705 635 octogesimo
733 598 830 623 anno
847 586 1010 624 scribens
1028 594 1190 623 mortuus
1217 597 1271 623 est
1291 599 1300 633 3

115 643 262 692 qualem
291 641 472 688 Isocratis,
502 642 563 690 qui
601 654 688 678 eum
724 641 869 686 librum,
906 640 966 689 qui
1003 639 1300 677 Panathenaicus

115 697 329 739 inscribitur,
348 703 476 744 quarto
494 702 531 732 et
552 695 785 743 nonagesimo
813 705 911 730 anno
939 694 1124 743 scripsisse
1143 705 1181 730 se
1201 693 1298 739 dicit,

113 750 277 798 vixitque
315 749 602 798 quinquennium
639 755 793 798 postea:
831 746 937 795 cujus
974 747 1142 795 magister
1179 746 1301 784 Leon-

116 804 211 841 tinus
241 802 391 851 Gorgias
420 809 567 839 centum
587 810 624 838 et
643 808 779 851 septem
802 801 1000 850 complevit
1018 813 1158 844 annos;
1180 812 1300 849 neque

117 869 279 906 unquam
301 857 337 893 in
362 868 429 892 suo
446 855 565 892 studio
593 861 700 905 atque
720 866 827 904 opere
848 854 1017 892 cessavit.
1074 854 1163 900 Qui,
1184 866 1300 902 quum

117 921 167 947 ex
185 922 230 947 eo
250 915 479 958 quaereretur,
510 921 576 945 cur
603 909 742 945 tamdiu
771 907 878 945 vellet
904 920 984 945 esse
1012 909 1049 944 in
1077 909 1179 944 vita:
1207 908 1301 946 nihil

115 964 237 1010 habeo,
257 963 385 1012 inquit,
405 964 504 1013 quod
528 965 686 1001 incusem
712 967 939 1002 senectutem.
994 961 1213 998 Praeclarum
1243 973 1299 998 re-

117 1030 293 1067 sponsum
321 1023 357 1053 et
384 1016 491 1053 docto
518 1015 666 1053 homine
686 1015 856 1065 dignum!
917 1016 975 1053 14.
1005 1014 1080 1052 Sua
1099 1015 1198 1051 enim
1214 1015 1301 1051 vitia

115 1070 324 1120 insipientes
358 1077 394 1107 et
430 1082 536 1107 suam
573 1071 721 1119 culpam
760 1070 795 1106 in
834 1075 1058 1107 senectutem
1097 1068 1300 1106 conferunt.

117 1124 230 1169 Quod
271 1136 343 1161 non
390 1123 550 1160 faciebat
585 1124 626 1169 is,
664 1123 771 1172 cujus
808 1122 920 1160 modo
957 1123 1179 1161 mentionem
1218 1121 1303 1169 feci,

115 1175 273 1215 Ennius.

323 1243 414 1274 Sicut
427 1242 515 1274 sortis
530 1252 638 1282 equus,
653 1242 755 1282 spatio
769 1242 822 1282 qui
836 1253 918 1282 saepe
932 1252 1078 1283 supremo

325 1286 409 1316 Vicit
424 1284 581 1325 Olympia,
598 1295 680 1315 nunc
696 1285 781 1316 senio
795 1284 950 1316 consectu'
967 1286 1108 1326 quiescit.

116 1339 212 1389 Equi
242 1339 338 1378 sortis
353 1347 389 1378 et
415 1341 559 1377 victoris
577 1341 754 1377 senectuti
784 1347 974 1390 comparat
994 1353 1117 1378 suam.
1174 1341 1301 1386 Quam

116 1393 262 1443 quidem
281 1395 392 1443 probe
422 1394 631 1431 meminisse
661 1394 820 1442 potestis.
879 1394 993 1430 Anno
1021 1395 1121 1431 enim
1150 1394 1303 1431 undevi-

117 1447 255 1484 cesimo
273 1454 358 1497 post
374 1446 456 1496 ejus
486 1453 635 1484 mortem
658 1447 693 1483 hi
726 1447 920 1490 Consules,
947 1447 1052 1484 Titus
1072 1446 1303 1484 Flamininus

113 1507 151 1537 et
179 1501 330 1538 Marcus
359 1501 515 1547 Acilius,
550 1500 637 1538 facti
673 1507 782 1538 sunt:
814 1501 872 1538 ille
900 1507 1022 1538 autem
1052 1501 1239 1550 Caepione,
1268 1508 1305 1538 et

117 1553 285 1605 Philippo
321 1555 464 1601 iterum,
504 1554 738 1600 Consulibus,
768 1560 930 1591 mortuus
967 1560 1047 1593 est:
1087 1567 1202 1604 quum
1239 1567 1305 1603 ego

115 1607 274 1656 quidem,
290 1614 361 1645 vet
380 1619 433 1645 Lx
452 1620 568 1644 annos
584 1614 702 1654 natus,
717 1608 835 1656 legem
851 1607 1059 1645 Voconiam
1070 1620 1162 1645 voce
1171 1609 1303 1657 magna

117 1668 153 1697 et
172 1661 276 1699 bonis
287 1662 459 1699 lateribus
471 1662 681 1699 suasissem.
738 1661 870 1699 Annos
889 1673 971 1699 Lxx
991 1668 1098 1699 natus
1119 1660 1187 1713 (tot
1203 1662 1303 1698 enim

115 1715 206 1752 vixit
243 1715 405 1766 Ennius)
441 1715 490 1752 ita
531 1714 667 1752 serebat
704 1714 789 1760 duo,
825 1728 907 1764 quae
934 1716 1100 1752 maxima
1134 1722 1306 1765 putantur

117 1780 242 1815 onera,
269 1774 520 1819 paupertatem
550 1775 587 1805 et
604 1774 844 1815 senectutem,
873 1775 914 1806 ut
931 1770 985 1807 eis
1001 1781 1106 1818 paene
1134 1769 1303 1806 delectari

118 1821 309 1860 videretur.
371 1823 431 1859 15.
462 1822 623 1869 Etenim,
638 1835 751 1871 quum
769 1823 994 1872 contemplor
1012 1823 1147 1869 animo,
1165 1823 1303 1872 reperio

121 1882 286 1924 quattuor
324 1888 488 1921 caussas,
517 1889 581 1913 cur
608 1882 775 1914 senectus
804 1877 934 1913 misera
954 1876 1147 1924 videatur3
1176 1888 1305 1922 unam,

120 1928 216 1978 quod
234 1937 366 1967 avocet
384 1942 405 1966 a
423 1930 530 1967 rebus
544 1929 708 1978 gerendis
725 1944 733 1968 :
755 1930 918 1976 alteram,
933 1930 1029 1978 quod
1045 1941 1176 1979 corpus
1195 1929 1305 1966 saciat

119 1982 318 2021 infirmius:
337 1985 491 2030 tertiam,
511 1983 606 2033 quod
626 1984 742 2032 privet
760 1983 930 2020 omnibus
943 1983 1015 2020 fere
1035 1983 1303 2033 voluptatibus:

119 2047 300 2084 quartam,
328 2036 424 2086 quod
454 2036 552 2074 haud
579 2038 706 2086 procul
734 2037 827 2074 absit
855 2049 876 2074 a
905 2044 1034 2074 morte.
1090 2037 1246 2084 Earum,
1273 2039 1301 2074 si

118 2090 251 2139 placet,
272 2102 486 2128 caussarum
515 2100 652 2140 quanta
671 2103 857 2141 quamque
884 2091 928 2128 sit
941 2090 1042 2139 justa
1060 2102 1303 2141 unaquaeque,

122 2141 326 2181 videamus.

173 2195 241 2236 VI.
267 2197 305 2235 A
332 2197 438 2235 rebus
474 2196 636 2245 gerendis
653 2203 823 2235 senectus
860 2197 1063 2236 abstrahit?
1118 2198 1266 2244 Quibus
1285 2199 1305 2235 ἶ)

124 2250 188 2288 An
225 2251 279 2298 iis,
311 2262 394 2300 quae
427 2256 595 2299 geruntur
624 2250 817 2299 juventute
844 2257 880 2289 et
908 2252 1076 2291 viribus?
1131 2251 1302 2290 Nullaene

120 2304 227 2353 igitur
244 2316 301 2341 res
318 2310 402 2342 sunt
420 2303 564 2351 seniles,
583 2316 678 2353 quae,
695 2305 753 2342 vel
768 2306 919 2343 infirmis
938 2306 1160 2355 corporibus,
1182 2305 1305 2342 animo

119 2364 246 2397 tamen
275 2357 597 2397 administrentur?
624 2357 723 2396 Nihil
752 2371 836 2408 ergo
863 2360 992 2408 agebat
1013 2359 1173 2406 Quintus
1191 2356 1305 2396 Max-
