1496 2671
346 180 418 217 DE
448 177 627 216 BELLO
661 176 910 216 GALLICO
940 178 1046 215 LIB.
1074 177 1155 214 111.
1298 178 1346 214 55

154 286 269 331 toria,
307 286 509 324 sarmentis
539 284 796 333 virgultisque
834 285 1012 329 collectis,
1052 285 1192 333 quibus
1231 283 1350 321 fossas

158 342 420 379 Romanorum
438 338 667 387 compleant,
687 338 734 374 ad
754 345 880 375 castra
901 346 1079 386 pergunt.

211 393 329 431 XIX.
361 393 486 430 Locus
523 398 605 431 erat
631 398 844 428 castrorum
865 393 991 429 editus
1025 399 1063 428 et
1083 391 1280 440 paullatim
1301 392 1349 428 ab

152 448 233 484 ’imo
252 446 420 490 acclivis,
450 446 604 483 circiter
631 457 765 493 passus
794 444 910 481 mille.
967 444 1055 482 Huc
1076 457 1214 493 magno
1234 457 1349 482 cursu

150 500 448 543 contenderunt,
469 505 514 536 ut
533 511 648 547 quam
668 498 869 534 minimum
891 499 1005 546 spatii
1025 499 1072 535 ad
1102 511 1142 535 se
1162 498 1347 547 colligen-

151 554 223 591 dos
242 553 521 600 armandosque
540 551 726 589 Romanis
755 552 924 596 daretur,
953 552 1241 600 exanimatique
1262 565 1347 600 per-

154 612 357 644 venerunt.
416 605 593 651 Sabinus,
614 617 702 642 suos
722 605 908 649 hortatus,
929 606 1174 653 cupientibus
1194 606 1348 653 signnm

148 660 230 697 dat.
275 660 478 709 Impeditis
493 659 668 696 hostibus
681 665 838 707 propter
858 671 901 695 ea
916 671 1001 707 quae
1021 658 1197 695 ferebant
1217 671 1347 702 onera,

152 714 283 751 subito
302 713 451 750 duabus
471 713 592 761 portis
618 712 858 760 eruptionem
889 712 973 748 fieri
1000 711 1125 759 jubet.
1184 712 1346 748 Factum

151 773 213 804 est
245 767 532 816 opportunitate
563 765 648 810 loci,
684 765 852 802 hostium
871 763 1076 802 inscientia
1097 778 1140 802 ac
1160 765 1348 813 defatiga-

148 820 270 864 tione,
304 820 450 857 virtute
481 819 662 864 militum,
690 819 931 867 superiorum
960 831 1178 867 pugnarum
1199 819 1346 855 exerci-

151 873 311 918 tatione,
328 879 371 910 ut
390 886 439 910 ne
453 885 572 910 unum
583 873 739 920 quidem
756 878 973 909 nostrorum
990 872 1178 921 impetum
1198 871 1345 908 ferrent

153 939 199 964 ac
226 927 358 964 statim
385 932 495 975 terga
523 932 731 963 verterent.
807 924 914 971 Quos
941 926 1146 974 impeditos
1183 926 1348 974 integris

151 981 304 1018 viribus
340 979 482 1017 milites
519 980 642 1016 nostri
678 979 884 1023 consecuti,
925 992 1106 1028 magnum
1144 991 1348 1015 numerum

150 1046 286 1071 eorum
304 1034 546 1074 occideruntr,
574 1032 743 1081 reliquos
772 1033 920 1081 equites
948 1033 1170 1077 consectati,
1192 1045 1347 1081 paucos,

152 1087 292 1136 quiex
311 1085 403 1136 fuga
421 1094 634 1131 evaserant,
664 1086 918 1134 reliquerunt.
976 1084 1038 1123 Sic
1067 1099 1144 1123 uno
1174 1092 1347 1134 tempore

148 1147 193 1178 et
212 1141 259 1177 de
278 1140 408 1177 navali
420 1137 552 1189 pugna
569 1138 746 1184 Sabinus,
768 1145 806 1176 et
826 1140 872 1176 de
889 1138 1021 1177 Sabini
1040 1137 1201 1176 victori&
1215 1139 1346 1177 Caesar

150 1194 293 1231 certior
311 1193 448 1237 factus,
469 1193 723 1241 civitatesquc
743 1205 874 1230 omnes
894 1205 934 1230 se
954 1193 1084 1230 statim
1106 1193 1260 1229 Titurio
1280 1194 1346 1230 de-

149 1247 347 1284 diderunt.
420 1246 525 1283 Nam
562 1253 604 1283 ut
641 1247 689 1283 ad
724 1246 825 1283 bella
862 1246 1105 1295 suscipienda
1144 1246 1346 1284 Gallorum

146 1300 278 1338 ‘alacer
297 1312 341 1337 ac
368 1305 569 1348 promptus
601 1305 659 1337 est
697 1300 858 1344 animus,
894 1300 948 1337 sic
980 1300 1106 1337 mollis
1126 1312 1169 1337 ac
1187 1300 1346 1337 minime

152 1353 335 1391 resistens
354 1354 401 1390 ad
420 1353 656 1390 calamitates
674 1352 922 1402 perferendas
942 1365 1049 1389 mens
1068 1366 1200 1390 eorum
1221 1360 1290 1390 est.

206 1407 305 1444 XX.
335 1407 481 1444 Eodem
519 1406 599 1444 fere
635 1412 808 1455 tempore
845 1406 892 1442 P.
933 1405 1107 1449 Crassus,
1146 1419 1266 1455 quim]
1304 1408 1345 1443 in

151 1460 406 1509 Aquitaniam
426 1460 672 1508 pervenisset,
700 1473 788 1508 quae
817 1473 916 1508 pars,
937 1467 981 1497 ut
1001 1468 1090 1498 ante
1109 1460 1254 1497 dictum
1276 1469 1344 1506 est,

149 1520 191 1552 et
227 1513 430 1562 regionum
458 1513 664 1550 latitudine
701 1520 739 1551 et
777 1513 1025 1551 multitudine
1061 1515 1260 1551 hominum
1295 1528 1345 1552 ex

144 1565 267 1605 tertia
285 1573 394 1616 parte
415 1564 552 1604 Galliae
571 1572 629 1604 est
648 1567 881 1610 aestimanda,
902 1580 1023 1615 quum
1041 1568 1277 1616 intelligeret
1305 1569 1347 1605 in

151 1621 213 1659 his
231 1621 325 1658 locis
344 1620 418 1657 sibi
450 1620 595 1657 bellum
626 1620 850 1669 gerendum,
883 1621 950 1658 ubi
979 1621 1110 1669 paucis
1130 1628 1218 1658 ante
1233 1622 1345 1658 annis

152 1674 199 1712 L.
222 1673 404 1711 Valerius
421 1673 671 1710 Praeconinus
699 1673 870 1722 Legatus
899 1675 1074 1712 exercitu
1093 1675 1204 1724 pulso
1223 1675 1343 1712 inter-

144 1727 274 1766 fectus
292 1733 402 1772 esset,
423 1733 538 1776 atque
557 1727 661 1764 unde
679 1726 713 1763 L
733 1727 920 1765 Manilius
939 1728 1152 1765 Proconsul
1180 1729 1342 1776 impedi-

151 1781 293 1819 mentis
312 1780 461 1817 amissis
475 1780 723 1829 profugisset,
743 1793 821 1817 non
835 1781 1066 1819 mediocrem
1085 1782 1159 1819 sibi
1180 1782 1343 1831 diligen-

150 1835 245 1872 tiam
274 1834 530 1871 adhibendam
557 1834 814 1883 intelligebat.
870 1835 1009 1884 Itaque
1027 1848 1069 1872 re
1089 1835 1343 1873 frumentaria

151 1885 318 1937 provisa,
333 1888 490 1924 auxiliis
503 1887 754 1936 equitatuque
770 1894 1000 1937 comparato,
1018 1888 1149 1926 multis
1158 1896 1343 1937 praeterea

151 1942 248 1978 viris
265 1941 430 1978 fortibus
452 1938 602 1985 Tolosa,
626 1940 843 1979 Carcasone
871 1947 909 1978 et
929 1942 1127 1987 Narbone,
1147 1954 1232 1991 quae
1252 1950 1343 1979 sunt

143 1995 327 2032 civitates
365 1993 504 2032 Galliae
541 1995 762 2042 provinciae,
809 1995 982 2032 finitimae
1011 1995 1071 2032 his
1106 1996 1341 2044 regionibus,

152 2047 378 2085 nominatim
410 2048 590 2091 evocatis,
619 2047 661 2084 in
697 2046 899 2085 Sotiatium
933 2049 1029 2086 fines
1049 2051 1264 2087 exercitum
1284 2051 1341 2086 in-

151 2100 341 2138 troduxit.
398 2100 521 2149 Cujus
559 2102 729 2139 adventu
768 2102 934 2151 cognito,
974 2101 1152 2147 Sotiates,
1188 2104 1341 2152 magnis

144 2154 273 2202 copiis
291 2154 432 2191 coactis
457 2155 719 2204 equitatuque,
749 2168 826 2204 quo
858 2156 1067 2204 plurimum
1087 2157 1278 2202 valebant,
1299 2158 1340 2193 in

153 2208 294 2244 itinere
323 2219 460 2267 agmen
480 2215 654 2245 nostru-m
688 2209 824 2255 adorti,
846 2209 1012 2257 primum
1042 2217 1221 2258 equestre
1241 2224 1342 2258 proe-

151 2261 249 2297 lium
267 2260 468 2298 commiser
473 2267 555 2298 unt-⁰.
584 2261 734 2307 deinde,
769 2264 943 2310 equitatu
974 2276 1044 2300 suo
1076 2264 1187 2312 pulso
1225 2272 1340 2312 atque

149 2314 444 2362 insequentibus
463 2315 614 2360 nosnis,
653 2316 780 2353 subito
814 2317 1008 2364 pedestres
1028 2318 1167 2364 copias,
1187 2330 1281 2365 quas
1300 2318 1341 2353 in

143 2366 325 2404 ‹convalle
361 2379 412 2404 ex
443 2367 594 2404 insidiis
631 2368 921 2415 collocaverant,
965 2371 1227 2408 ostenderunt
1285 2370 1340 2407 ΗΞ

145 2426 302 2458 nostros
321 2419 500 2468 disjectos
520 2420 654 2465 adorti,
681 2422 863 2469 proelium
882 2430 1180 2462 renovaverunt
