1496 2671
291 159 337 198 16
581 159 773 206 QUINTI
801 159 988 199 CURTII
1015 160 1157 199 RUFI.

289 267 533 318 suspicionem
559 267 643 307 initi
678 268 821 307 scelesti
847 267 989 305 consilii
1023 269 1208 318 praebuit.
1280 268 1451 319 Namque

290 321 455 371 epistola,
475 320 688 371 priusquam
714 323 748 360 ei
773 321 1004 368 redderetur,
1021 322 1061 359 in
1087 334 1216 360 manus
1246 322 1449 360 Alexandri

289 379 518 423 pervenerat,
554 374 760 425 lectamque
795 388 886 420 eam,
919 374 1040 423 ignoti
1075 376 1200 414 annuli
1236 376 1358 425 sigillo
1381 375 1449 413 im-

291 440 428 477 presso,
450 428 561 465 Sisini
578 429 659 467 dari
680 430 851 479 jusserat,
872 428 920 465 ad
939 429 1202 467 aestimandam
1219 429 1331 467 fidem
1358 429 1451 467 Bar-

292 481 386 519 bari.
443 482 519 527 Qui
545 483 632 532 quia
658 496 725 533 per
743 483 948 532 complures
962 482 1041 519 dies
1058 495 1136 520 non
1153 483 1296 522 adierat
1312 495 1451 533 regem,

292 535 445 574 scelesto
464 537 616 574 consilio
635 550 715 574 eam
732 537 832 574 visus
847 541 903 573 est
921 536 1185 598 suppressisse,
1193 537 1288 575 etin
1306 536 1454 587 agmine

291 602 310 625 a
331 587 582 636 Cretensibus,
603 591 704 628 haud
723 590 861 627 dubie
846 602 955 638 Jussu
972 590 1082 639 regis,
1101 588 1242 628 occisus
1260 595 1328 629 est.

345 643 492 681 XVIII.
519 643 604 682 Jam
627 644 761 682 Graeci
779 644 925 705 militeS,
946 656 1037 692 quos
1057 643 1270 694 Thymodes
1288 657 1311 682 a
1336 643 1452 682 Phar-

291 698 432 735 nabazo
452 703 655 747 acceperat,
677 698 873 748 praecipua
891 709 973 746 spes
992 701 1030 735 et
1047 697 1315 747 propemodum
1332 698 1453 744 unica,

292 751 340 787 ad
360 751 517 788 Darium
536 756 794 801 pervenerant.
847 751 902 788 Hi
919 763 1142 801 magnopere
1168 751 1386 798 suadebant,
1412 756 1457 790 ut

292 810 391 843 retro
412 805 541 851 abiret,
561 806 814 854 spatiososque
833 805 1122 854 Mesopotamiae
1139 817 1286 854 campos
1311 810 1457 855 repete-

290 863 370 896 ret:
401 858 439 896 Si
466 859 504 895 id
532 859 725 896 eonsilium
752 859 956 903 damnaret,
985 864 1025 896 at
1041 859 1104 896 ille
1123 858 1306 897 divideret
1324 859 1455 897 saltem

291 912 415 961 copias
450 912 745 957 innumerabiles,
774 925 847 949 neu
884 913 953 949 sub
980 925 1097 949 unum
1131 912 1305 950 fortunae
1337 912 1454 951 ictum

291 970 388 1003 totas
407 965 500 1002 vires
519 966 625 1014 regni
652 966 783 1002 cadere
810 970 1009 1014 pateretur.
1064 966 1191 1003 Minus
1216 965 1288 1003 hoc
1317 964 1456 1016 [consi-

290 1017 397 1069 lium]
419 1019 495 1067 regi
515 1031 625 1068 quam
642 1019 855 1069 purpuratis
869 1018 947 1068 ejus
966 1019 1184 1068 displicebat
1203 1033 1212 1057 ε
1243 1019 1455 1070 Ancipitem

287 1073 398 1110 fidem
427 1080 464 1111 et
500 1073 668 1110 mercede
702 1073 869 1110 venalem
904 1073 1150 1122 proditionem
1177 1073 1389 1113 imminere:
1418 1079 1457 1113 et

291 1127 406 1163 dividi
425 1139 500 1164 non
521 1127 569 1164 ob
588 1127 688 1164 aliud
708 1127 832 1175 copias
849 1127 954 1173 velle,
976 1139 1084 1176 quam
1104 1131 1147 1164 ut
1165 1127 1235 1176 ipsi
1253 1126 1293 1163 in
1311 1127 1456 1165 diversa

290 1181 456 1229 digressi,
477 1181 507 1217 si
526 1181 614 1229 quid
632 1181 866 1218 commissum
884 1185 991 1222 esset,
1006 1180 1197 1219 traderent
1212 1180 1427 1219 Alexandro
1443 1194 1452 1220 :

288 1234 393 1271 Nihil
421 1235 538 1272 tutius
565 1247 656 1280 esse,
683 1247 793 1283 quam
819 1234 1064 1271 circumdatos
1092 1246 1154 1271 eos
1179 1234 1345 1273 exercitu
1371 1239 1454 1273 toto

287 1288 393 1325 obrui
421 1288 514 1334 telis,
544 1288 807 1325 documentum
834 1300 910 1325 non
927 1288 1068 1326 inultae
1093 1287 1270 1336 perfidiae
1295 1287 1453 1326 futuros.

287 1343 341 1379 At
360 1341 511 1386 Darius,
540 1347 583 1379 ut
597 1347 676 1379 erat
695 1346 843 1379 sanctus
871 1346 909 1378 et
934 1341 1046 1386 mitis,
1066 1353 1105 1378 se
1132 1354 1221 1378 vero
1238 1346 1386 1380 tantum
1399 1342 1455 1380 fa·

287 1397 392 1432 cinus
419 1399 531 1444 negat
558 1408 636 1432 esse
662 1395 857 1441 facturum,
877 1399 921 1432 ut
947 1408 1051 1432 suam
1078 1399 1223 1432 secutos
1239 1395 1351 1432 fidem
1370 1408 1455 1434 suos

287 1449 421 1487 milites
451 1449 583 1498 jubeat
601 1449 778 1487 trucidari
799 1462 807 1486 :
839 1449 961 1494 Quem
989 1448 1125 1485 deinde
1150 1448 1306 1498 amplius
1333 1449 1455 1488 natio-

287 1515 377 1540 num
415 1509 625 1541 exterarum
653 1503 808 1540 salutem
835 1515 938 1539 suam
975 1502 1204 1540 crediturum
1230 1502 1311 1549 sibi,
1340 1503 1371 1540 si
1396 1507 1455 1542 tot

284 1557 443 1595 militum
462 1556 643 1605 sanguine
660 1556 851 1594 imbuisset
868 1568 999 1593 manus
1018 1556 1037 1593 ἶ)
1065 1555 1262 1593 Neminem
1280 1556 1456 1595 stolidum

288 1611 481 1648 consilium
501 1610 620 1660 capite
638 1610 741 1647 luere
760 1610 895 1647 debere
914 1623 923 1654 3
953 1609 1146 1647 defuturos
1173 1610 1272 1646 enim
1291 1610 1356 1660 qui
1371 1623 1455 1649 sua-

286 1665 429 1710 derent,
446 1664 475 1701 si
495 1664 648 1701 suasisse
667 1664 870 1713 periculum
889 1669 1006 1701 esset:
1037 1663 1222 1712 Denique,
1242 1663 1341 1712 ipsos
1360 1676 1455 1714 quo-

289 1718 381 1755 tidie
400 1718 447 1755 ad
466 1731 505 1755 se
524 1717 647 1754 vocari
674 1718 714 1754 in
741 1717 935 1754 consilium
954 1716 1149 1766 variasque
1167 1717 1371 1755 sententias
1396 1718 1453 1756 di-

289 1784 394 1815 eere;
424 1784 492 1808 nec
519 1776 645 1809 tamen
672 1770 832 1808 melioris
859 1770 946 1807 fidei
974 1768 1112 1815 haberi,
1141 1769 1205 1819 qui
1231 1770 1453 1820 prudentius

290 1825 482 1863 suaserint.
540 1825 671 1874 Itaque
708 1824 859 1861 Graecis
887 1823 1051 1861 nuntiari
1072 1823 1211 1872 jubet;
1239 1824 1360 1873 ipsum
1388 1825 1452 1875 qui

290 1880 375 1916 dem
405 1878 685 1916 benevolentiae
710 1876 856 1915 illorum
883 1878 1022 1926 gratias
1050 1889 1183 1926 agere3
1213 1882 1390 1925 ceterum,
1422 1880 1452 1917 si

288 1938 389 1971 retro
407 1933 461 1969 ire
487 1936 629 1981 pergat,
650 1932 750 1969 haud.
777 1931 889 1968 dubie
914 1943 1071 1980 regnum
1099 1929 1266 1968 hostibus
1292 1932 1453 1971 traditu·

287 1999 370 2024 rum
390 2001 398 2024 :
418 1986 516 2023 fama
534 1986 631 2023 bella
648 1991 756 2031 stare,
777 1992 815 2022 et
829 1997 913 2022 eum
931 1985 994 2035 qui
1012 1984 1161 2022 recedat
1178 1983 1308 2034 fugere
1326 1986 1427 2023 credi
1442 1999 1451 2024 :

294 2040 484 2077 Trahendi
515 2052 602 2076 vero
639 2040 725 2076 belli
753 2040 815 2076 vix
849 2038 962 2075 ullam
989 2051 1067 2075 esse
1094 2038 1297 2084 rationem;
1326 2044 1454 2078 tantae

293 2094 391 2131 enim
418 2093 660 2138 multitudini,
689 2093 818 2142 utique
844 2105 957 2141 quum
979 2091 1057 2141 jam
1074 2091 1203 2142 hyems
1219 2092 1387 2140 instaret,
1415 2094 1454 2131 in

293 2148 445 2195 regione
463 2152 566 2184 vasta
582 2152 620 2184 et
638 2147 794 2183 invicem
813 2158 835 2182 a
861 2146 936 2182 suis
953 2151 1065 2194 atque
1082 2145 1188 2183 hoste
1206 2152 1350 2193 vexata,
1379 2158 1454 2184 non

295 2201 492 2238 suffectura
519 2200 720 2238 alimenta:
760 2199 819 2236 Ne
857 2199 972 2236 dividi
998 2199 1148 2248 quidem
1180 2199 1302 2250 copias
1337 2212 1451 2249 posse,

293 2259 439 2292 servato
458 2265 557 2291 more
576 2254 765 2302 majorum,
794 2252 857 2302 qui
883 2253 1072 2290 universas
1098 2252 1194 2290 vires
1211 2266 1355 2303 semper
1379 2253 1454 2290 dis-

293 2308 437 2346 crimini
464 2307 639 2345 bellorum
667 2307 889 2344 obtulerint:
919 2306 970 2344 Et
990 2305 1144 2344 «hercule
1161 2306 1361 2344 terribilem
1388 2319 1454 2343 an—

294 2367 356 2400 tea
372 2373 496 2410 regem
524 2366 562 2398 et
589 2361 754 2398 absentia
781 2373 847 2397 sua
874 2360 922 2397 ad
948 2372 1079 2397 vanam
1104 2359 1277 2398 fiduciam
1303 2359 1452 2406 elatum,

295 2420 534 2465 posteaquam
561 2413 762 2452 adventare
789 2426 828 2452 se
841 2414 1006 2462 senserit,
1027 2418 1174 2452 cautum
1201 2425 1268 2463 pro
1295 2417 1453 2452 temera-
