1496 2671
294 161 368 197 DE
398 158 577 196 BELLO
608 157 857 197 GALLICO
886 158 993 195 LIB.
1022 157 1096 196 IV.
1238 159 1284 195 61

100 280 220 317 posse.
276 267 412 314 Itaque
446 267 524 302 una
552 277 601 302 ex
634 270 743 312 parte
769 278 791 302 a
822 264 961 302 Suevis
989 265 1141 302 circiter
1170 264 1291 301 millia

99 333 279 371 passuum
298 319 369 357 DC
386 319 469 367 agri
485 331 620 355 vacare
635 319 829 355 dicuntur.
885 319 952 355 Ad
965 319 1124 356 alteram
1142 324 1289 366 partem

100 374 308 412 succedunt
346 372 454 415 Ubii,
495 371 677 422 (quorum
723 371 797 407 fuit
835 371 974 409 civitas
1011 372 1137 420 ampla
1174 378 1290 419 atque

99 428 250 470 florens,
283 431 326 462 ut
354 433 412 462 est
445 423 914 473 captusGermanorum)
943 432 980 461 et
1010 425 1147 473 paullo,
1175 437 1291 472 quam

98 487 186 517 sunt
223 479 394 526 ejusdem
430 479 584 526 generis
620 479 738 515 ceteri
781 478 1038 522 humaniores,
1088 486 1290 527 propterea

99 533 199 582 quod
220 533 398 569 Rhenum
419 533 615 580 attingunt
634 531 874 579 multumque
903 532 950 568 ad
970 545 1033 568 eos
1061 539 1291 568 mercatores

98 586 301 629 ventitant,
322 592 360 622 et
380 585 453 634 ipsi
482 593 640 634 propter
668 585 995 633 propinquitatem
1018 584 1181 622 Gallicis
1202 591 1291 621 sunt

97 639 267 676 moribus
280 638 504 676 adsuefacti.
541 639 623 675 Hos
636 651 756 686 quum
775 638 906 683 Suevi,
920 638 1050 674 multis
1066 650 1166 687 saepe
1181 638 1292 675 bellis

97 693 260 741 experti,
282 699 438 741 propter
459 692 750 740 amplitudinem
772 692 1080 740 gravitatemque
1108 692 1290 734 civitatis,

96 747 239 783 finibus
268 746 461 794 expellere
490 758 565 782 non
595 746 819 794 potuissent,
841 751 970 782 tamen
992 745 1198 793 vectigales
1218 745 1292 782 sibi

96 799 270 836 fecerunt
284 812 327 836 ac
344 799 466 835 multo
480 799 703 836 humiliores
719 799 1026 847 infirmioresque
1042 799 1290 847 redegerunt.

152 852 227 889 IV.
256 852 304 888 In
324 850 456 889 eadem
476 855 592 889 causa
611 852 769 889 fuerunt
791 852 973 900 Usipetes
987 859 1024 888 et
1039 851 1291 896 Tenchffieri,

98 919 194 955 quos
214 918 330 954 supra
361 906 543 948 diximus,
578 906 644 953 qui
676 906 890 953 complures
921 918 1040 942 annos
1076 905 1293 942 Suevorum

97 960 178 996 vim
198 960 476 1003 sustinuerunt,
498 960 544 995 ad
566 965 781 996 extremum
798 966 926 996 tamen
956 959 1059 1007 agris
1081 958 1233 1006 expulsi
1254 964 1293 995 et

98 1013 331 1049 multislocis
343 1011 562 1049 Germaniae
577 1013 784 1049 triennium
797 1013 938 1061 vagati,
950 1016 995 1048 ad
1012 1012 1192 1049 Rhenum
1206 1024 1292 1060 per-

98 1072 304 1103 venerunt:
324 1078 418 1114 quas
430 1066 607 1114 regiones
620 1064 795 1113 Menapii
805 1066 1023 1103 incolebant
1033 1071 1070 1102 et
1087 1066 1134 1102 ad
1148 1072 1292 1101 utram-

99 1131 173 1167 que
183 1120 304 1167 ripam
313 1119 484 1155 fluminis
492 1131 615 1167 agros,
627 1120 798 1161 aedificia,
811 1120 992 1168 vicosque
1002 1119 1211 1162 habebant;
1227 1119 1294 1155 sed

98 1178 215 1209 tantae
230 1172 488 1208 multitudinis
504 1173 611 1208 aditu
628 1173 836 1220 perterriti,
852 1186 902 1209 ex
922 1173 981 1210 his
1001 1173 1184 1217 aedifieiis,
1205 1184 1292 1220 quae

99 1232 205 1262 trans
225 1225 367 1262 fiumen
388 1226 616 1269 habuerant,
636 1226 949 1273 demigraverant
971 1232 1009 1263 et
1028 1226 1083 1263 cis
1112 1226 1295 1262 Rhenum

99 1279 293 1327 dispositis
323 1279 524 1327 praesidiis,
565 1278 782 1316 Germanos
819 1280 985 1316 transire
1023 1279 1293 1327 prohibebant.

99 1332 164 1369 Illi
184 1332 319 1369 omnia‘
331 1332 496 1380 experti,
516 1345 635 1381 quum
657 1344 781 1381 neque
809 1333 849 1369 vi
877 1334 1110 1370 contendere
1138 1338 1296 1381 propter

98 1386 269 1434 inopiam
288 1386 460 1431 navium,
480 1398 604 1433 neque
624 1385 721 1423 clam
742 1387 907 1423 transire
926 1392 1080 1435 propter
1099 1386 1295 1422 custodias

102 1439 371 1488 Menapiorum
394 1446 558 1487 possent,
579 1439 724 1476 reverti
744 1452 784 1476 se
802 1440 842 1475 in
863 1453 951 1477 suas
971 1440 1080 1476 sedes
1099 1440 1295 1489 regiones-

99 1505 175 1541 que
194 1493 473 1529 simulaverunt
493 1506 502 1528 :
523 1500 561 1529 et
580 1493 698 1529 tridui
719 1493 822 1529 viam
844 1494 1049 1542 progressi,
1071 1505 1205 1530 rursus
1234 1505 1295 1529 re-

100 1552 313 1591 verterunt,
346 1552 462 1594 atque
486 1546 591 1582 omni
611 1547 682 1583 hoc
710 1546 851 1583 itinere
882 1545 960 1584 una
980 1554 1091 1584 nocte
1121 1547 1297 1594 equitatu

101 1599 286 1644 confecto,
318 1599 458 1637 inscios
496 1600 817 1648 inopinantesque
855 1598 1060 1649 Menapios
1097 1612 1297 1648 oppresse-

101 1659 205 1697 runt,
237 1653 303 1702 qui
338 1654 384 1690 de
417 1652 701 1690 Germanorum
732 1654 902 1690 discessu
933 1667 1002 1703 per
1033 1654 1298 1702 exploratores

101 1706 283 1743 certiores
301 1705 404 1750 facti,
426 1707 509 1743 sine
530 1713 635 1743 metu
653 1713 760 1744 trans
789 1707 968 1744 Rhenum
999 1708 1040 1743 in
1071 1720 1159 1744 suos
1192 1707 1298 1743 vicos

100 1760 417 1807 remigraverunt.
479 1760 553 1796 His
572 1760 788 1797 interfectis
808 1762 1049 1809 navibusque
1075 1773 1207 1798 corum
1236 1772 1300 1797 oc-

101 1814 261 1862 cupatis,
302 1813 524 1862 priusquam
556 1826 599 1850 ea
636 1827 724 1862 pars
764 1812 1051 1863 Menapiorum,
1088 1827 1173 1863 quae
1202 1814 1301 1850 citra

101 1866 280 1903 Rhenum
300 1867 430 1913 quieta
450 1867 489 1902 in
510 1867 589 1903 suis
609 1868 763 1904 sedibus
784 1881 825 1904 el
828 1875 884 1912 at,
908 1868 1048 1904 certici
1076 1869 1196 1912 fieiet,
1226 1867 1301 1903 fiu-

103 1933 190 1956 men
209 1921 446 1957 transierunt
459 1926 575 1969 atque
595 1921 774 1958 omnibus
795 1934 934 1958 eorum
951 1922 1122 1958 aedificiis
1137 1933 1301 1968 occupa-

103 1973 153 2010 tis
173 1965 360 2021 reliquam
382 1981 531 2023 partem
551 1974 688 2011 hiemis
708 1987 747 2011 se
770 1988 836 2012 eor
840 1988 902 2012 um
922 1975 1042 2023 copiis
1062 1975 1256 2011 aluerunt.

156 2026 208 2063 V.
241 2027 316 2063 His
334 2028 380 2063 de
398 2028 514 2064 rebus
535 2027 618 2065 Caes
605 2041 665 2065 ar
683 2029 827 2065 certior
847 2029 972 2065 factus
985 2035 1023 2065 et
1038 2028 1302 2065 infirmitatem

105 2078 308 2116 Gallorum
328 2081 483 2125 veritus,
506 2082 609 2129 quod
628 2089 719 2118 sunt
742 2082 785 2118 in
806 2082 976 2119 consiliis
996 2082 1192 2130 capiendis
1220 2094 1302 2118 mo-

103 2133 198 2170 biles
219 2139 255 2170 et
275 2134 385 2170 novis
406 2134 629 2183 plerumque
649 2137 763 2172 rebus
786 2137 953 2179 student,
985 2135 1083 2171 nihil
1111 2136 1171 2173 his
1199 2147 1303 2172 com-

103 2187 334 2223 mittendum
354 2187 606 2225 existimavit.
663 2189 735 2225 Est
763 2196 893 2227 autem
921 2189 993 2226 hoc
1023 2188 1184 2226 Gallicae
1214 2201 1304 2226 con·

104 2240 330 2284 suetudinis,
351 2241 409 2276 uti
428 2247 466 2277 et
487 2242 664 2287 viatores,
687 2242 802 2279 etiam
823 2243 979 2287 invitos,
1001 2243 1211 2280 consistere
1240 2255 1304 2279 co·

103 2299 211 2342 gant,
231 2299 269 2330 et
284 2294 383 2340 quod
403 2294 566 2343 quisque
587 2308 718 2332 eorum
739 2296 785 2333 de
805 2294 958 2345 quaque
985 2309 1025 2332 re
1054 2295 1219 2333 audierit
1239 2302 1306 2332 aut

105 2348 343 2394 cognoverit,
373 2354 564 2395 quaerant,
597 2355 634 2385 et
663 2356 896 2388 mercatores
923 2350 964 2386 in
993 2350 1144 2399 oppidis
1164 2349 1306 2397 vulgus

106 2400 377 2447 circumsistat,
399 2401 621 2450 quibusque
641 2415 689 2440 ex
709 2404 933 2452 regionibus
949 2405 1118 2448 veniant,
1134 2414 1306 2450 quasque
