1496 2671
250 131 300 167 22
539 129 744 168 LAELIUS
773 128 848 168 DE
875 130 1138 170 AMICITIA.

250 239 457 287 tionemque
490 238 689 276 meliorem.
745 236 850 275 Alius
877 237 979 286 igitur
1014 238 1096 276 finis
1123 250 1216 277 verae
1249 239 1420 279 amicitiae

252 291 520 329 constituendus
555 298 620 338 est,
649 292 679 329 si
705 292 814 341 prius,
844 291 929 341 quid
961 293 1124 330 maxime
1161 291 1422 342 reprehendere

254 345 377 395 Scipio
404 346 534 383 solitus
553 346 609 391 sit,
634 345 773 382 dixero.
839 345 1016 395 Negabat,
1053 346 1163 384 ullam
1200 358 1330 384 vocem
1367 347 1424 384 in-

252 400 450 437 imiciorem
485 399 653 437 amicitiae
698 400 856 448 potuisse
896 399 1052 449 repenti,
1089 413 1198 450 quam
1236 399 1327 450 ejus,
1364 401 1425 450 qui

252 453 412 500 dixisset,
441 452 497 490 Ita
524 466 645 491 amare
674 461 848 502 oportere,
878 460 916 490 ut
943 454 972 489 si
1000 453 1194 502 aliquando
1220 460 1315 491 esset
1342 466 1427 492 osu-

253 519 337 543 rus:
363 519 433 544 nec
461 519 547 544 vero
575 519 614 544 se
642 507 773 544 adduci
801 518 918 556 posse,
940 513 978 544 ut
1007 504 1090 553 hoc,
1117 507 1425 557 quemadmodum

250 567 446 609 putaretur,
479 574 500 597 a
535 560 666 598 Biante
702 572 782 597 esse
816 559 953 597 dictum
989 558 1161 607 crederet,
1194 562 1255 611 qui
1283 562 1430 611 sapiens

251 614 394 652 habitus
411 621 505 652 esset
523 628 613 653 unus
631 628 652 652 e
671 621 807 663 septem
823 625 832 649 ι
856 612 957 665 [sed]
979 614 1109 662 impuri
1138 613 1344 663 cujusdam,
1362 622 1426 652 aut

251 669 430 706 ambitiosi
449 675 512 706 aut
530 670 652 706 omnia
682 668 726 704 ad
755 680 856 704 suam
886 668 1085 716 potentiam
1114 668 1318 706 revocantis
1344 680 1424 707 esse

253 724 479 761 sententiam.
536 723 710 768 Quonam
726 722 823 758 enim
844 720 951 757 modo
970 722 1162 769 quisquam
1182 722 1323 759 amicus
1348 734 1427 760 esse

249 777 389 825 poterit,
404 778 463 813 cui
484 790 521 814 se
540 777 678 825 putabit
699 775 890 811 inimicum
910 786 990 811 esse
1005 787 1110 824 posse
1123 775 1142 812 ἕ)
1197 775 1298 821 Quin
1316 775 1427 813 etiam

250 842 399 868 necesse
425 831 490 867 erit
512 841 644 879 cupere
663 835 700 865 et
726 835 860 877 optare,
883 833 1046 877 utquam
1069 829 1267 877 saepissime
1293 835 1423 879 peccet

251 883 405 930 amicus,
425 897 496 933 quo
515 884 634 932 plures
652 882 712 919 det
730 883 796 920 sibi
824 888 997 931 tanquam
1028 894 1136 919 ansas
1164 882 1210 919 ad
1233 882 1428 932 reprehen-

249 937 438 975 dendum:
468 950 608 974 rursum
637 945 757 973 autem
788 942 886 973 recte
915 935 1018 972 saetis
1044 936 1319 985 commodisque
1337 936 1429 974 ami—

251 1003 374 1028 corum
406 1003 556 1040 necesse
589 992 653 1028 erit
689 991 784 1039 angi,
818 990 952 1034 dolere,
981 989 1153 1028 invidere.
1210 989 1273 1027 60.
1304 990 1430 1036 Quare

251 1043 322 1081 hoc
351 1045 495 1094 quidem
526 1050 759 1095 praeceptum,
781 1043 1032 1092 cujuscunque
1059 1050 1124 1089 est,
1153 1043 1200 1080 ad
1235 1042 1431 1081 tollendam

253 1099 451 1136 amicitiam
470 1100 582 1136 valet.
637 1097 731 1135 Illud
758 1099 876 1147 potius
894 1098 1174 1147 praecipiendum
1195 1096 1272 1144 suit,
1293 1103 1331 1134 ut
1345 1109 1428 1135 eam

248 1151 464 1200 diligentiam
493 1152 746 1190 adhiberemus
774 1153 810 1188 in
838 1151 1004 1188 amicitiis
1021 1151 1286 1201 comparandis,
1305 1157 1344 1188 ut
1362 1161 1428 1188 ne·

248 1206 394 1255 quando
414 1219 536 1244 amare
556 1207 798 1255 inciperemus
826 1217 925 1251 eum,
954 1217 1062 1253 quem
1093 1204 1288 1254 aliquando
1315 1204 1432 1242 odisse

250 1272 451 1310 possemus.
509 1260 608 1306 Quin
627 1261 734 1297 etiam
754 1261 782 1296 si
800 1259 921 1296 minus
939 1257 1061 1295 felices
1081 1259 1116 1295 in
1137 1257 1324 1306 deligendo
1341 1257 1430 1295 fuis-

251 1326 387 1360 semus,
416 1314 604 1352 ferendum
632 1313 668 1350 id
698 1313 819 1362 Scipio
847 1313 976 1362 potius,
1012 1325 1122 1361 quam
1158 1312 1428 1350 inimicitiarum

253 1376 397 1417 tempus
416 1368 660 1416 cogitandum,
686 1367 848 1416 putabat.

307 1421 434 1459 XVII.
474 1421 537 1457 61.
568 1421 638 1458 His
667 1421 766 1469 igitur
802 1420 935 1456 finibus
973 1418 1147 1456 utendum
1186 1418 1344 1465 arbitror,
1382 1425 1432 1464 nt,

253 1489 364 1526 quum
393 1475 575 1513 emendati
606 1486 724 1511 mores
752 1474 950 1510 amicorum
980 1474 1061 1519 sint,
1081 1482 1156 1510 tum
1178 1472 1222 1509 sit
1248 1472 1340 1509 inter
1366 1483 1432 1510 eos

251 1529 414 1567 omnium
434 1541 567 1573 rerum,
588 1528 833 1574 consiliorum,
847 1529 1085 1573 voluntatum,
1107 1528 1183 1563 sine
1202 1526 1275 1563 ulla
1293 1537 1433 1577 excep-

253 1585 348 1620 tione
368 1584 636 1620 communitas:
666 1589 715 1628 ut,
744 1582 853 1619 etiam
882 1583 910 1618 si
939 1593 1011 1630 qua
1031 1580 1172 1617 fortuna
1190 1579 1375 1626 acciderit,
1394 1587 1433 1618 ut

256 1639 375 1674 minus
389 1635 497 1685 justae
519 1637 719 1673 amicorum
740 1636 943 1672 voluntates
963 1633 1179 1683 adjuvandae
1196 1634 1277 1680 sint,
1298 1634 1334 1670 in
1354 1635 1434 1684 qui-

257 1691 324 1728 bus
350 1703 475 1728 eorum
494 1697 555 1727 aut
574 1697 684 1739 caput
701 1696 825 1738 agatur
844 1696 905 1726 aut
926 1688 1034 1734 sama,
1052 1686 1307 1740 declinandum
1323 1687 1369 1724 sit
1386 1687 1431 1724 de

254 1745 455 1791 via‚‘modo
471 1757 516 1781 ne
528 1757 672 1781 summa
693 1742 873 1792 turpitudo
888 1749 1067 1791 sequatur.
1095 1741 1164 1778 Est
1177 1740 1290 1787 enirn,
1305 1747 1432 1789 quate-

256 1811 325 1836 nus
353 1799 520 1836 amicitiae
539 1797 615 1834 dari
633 1798 739 1834 venia
761 1797 881 1846 possit.
938 1795 1019 1833 Nec
1038 1807 1124 1832 vero
1143 1794 1351 1842 negligenda
1376 1800 1436 1831 est

257 1851 380 1890 sama:
411 1865 479 1889 nec
517 1852 698 1889 mediocre
725 1851 837 1888 telum
867 1850 911 1887 ad
937 1861 993 1886 res
1017 1847 1190 1898 gerendas
1224 1848 1433 1884 existimare

257 1912 394 1956 oportet
413 1906 703 1943 benevolentiam
724 1905 858 1942 civium
879 1917 889 1952 3
917 1916 1025 1953 quam
1056 1900 1234 1939 blanditiis
1251 1908 1288 1938 et
1309 1913 1432 1938 assen-

262 1960 370 1997 tando
390 1960 553 2008 colligere
581 1966 683 2008 turpe
710 1966 790 1996 est:
819 1959 940 2003 virtus,
969 1969 1077 2006 quam
1107 1955 1264 2003 sequitur
1291 1955 1434 2001 caritas,

263 2014 412 2051 minime
431 2013 652 2063 repudianda
671 2019 738 2050 est.

315 2067 376 2107 62.
408 2067 479 2104 Sed
515 2079 611 2117 saepe
649 2066 800 2117 (etenim
840 2065 946 2102 redeo
982 2063 1026 2100 ad
1068 2062 1290 2112 Scipionem,
1327 2060 1434 2111 cujus

262 2123 381 2158 omnis
400 2133 518 2158 sermo
536 2126 612 2158 erat
629 2120 673 2157 de
693 2119 868 2169 amicitia)
897 2118 1125 2168 querebatur,
1153 2115 1248 2166 quod
1266 2116 1434 2153 omnibus

263 2177 298 2212 in
319 2176 424 2212 rebus
443 2174 610 2211 homines
627 2174 861 2222 diligentiores
888 2179 1008 2209 essent
1023 2184 1032 2220 ς
1062 2177 1101 2210 ut
1127 2182 1258 2220 capras
1285 2175 1323 2207 et
1349 2181 1438 2208 oves

264 2235 352 2278 quot
371 2229 520 2278 quisque
549 2227 709 2273 haberet,
728 2227 846 2264 dicere
873 2232 1017 2275 posset:
1046 2225 1184 2263 amicos
1211 2229 1298 2273 quot
1322 2221 1435 2260 habe-

265 2289 330 2329 ret,
349 2294 419 2320 non
438 2287 557 2331 posset
575 2281 719 2327 dicere3
747 2287 782 2318 et
806 2281 842 2316 in
870 2280 937 2317 illis
965 2278 1110 2329 quidem
1137 2277 1307 2327 parandis
1333 2275 1435 2313 adhi-

267 2338 351 2374 bere
378 2348 516 2380 curam,
544 2335 581 2371 in
609 2335 736 2371 amicis
766 2334 936 2382 eligendis
971 2334 1185 2382 negligentes
1218 2341 1327 2375 esse3
1363 2340 1433 2366 nec

267 2390 399 2428 habere
417 2389 517 2440 quasi
537 2388 637 2437 signa
664 2387 829 2438 quaedam
858 2394 893 2425 et
920 2393 1034 2435 notas,
1053 2386 1180 2436 quibus
1205 2396 1282 2431 eos,
1299 2382 1360 2433 qui
1387 2381 1434 2419 ad
