1496 2671
176 183 223 219 14
517 179 785 219 CORNELII
813 179 1057 221 NEPOTIS

171 290 309 332 suerat,
330 287 516 336 confugit.
574 287 664 325 Huc
684 301 802 338 quum
821 290 1003 335 venisset,
1025 296 1062 328 et
1081 290 1122 327 in
1143 286 1361 339 praesentia

171 356 242 380 rex
262 343 422 386 abesset,
436 354 513 389 quo
533 342 676 389 majore
694 343 880 391 religione
899 356 940 380 se
955 349 1152 393 receptum
1171 349 1359 390 tueretur,

171 397 289 433 filiam
309 395 392 443 ejus
410 395 611 444 parvulam
626 396 800 445 arripuit,
818 403 857 433 et
871 409 957 433 cum
971 400 1017 434 ea
1029 410 1069 435 se
1081 397 1123 434 in
1138 398 1360 442 sacrarium,

171 449 275 499 quod
312 447 460 486 summa
493 448 690 486 colebatur
727 449 978 494 caeremonia,
1018 450 1192 499 conjecit.
1263 451 1362 488 Inde

171 516 250 540 non
269 503 377 551 prius
410 514 587 551 egressus
617 509 685 547 est,
707 514 819 550 quam
839 516 911 541 rex
931 517 1030 549 eum,
1052 503 1142 542 data
1161 503 1301 542 dextra
1319 505 1361 541 in

171 557 286 594 fidem
306 556 500 604 reciperet,
523 568 635 603 quam
655 557 865 604 praestitit.
923 557 1024 594 Nam
1040 571 1159 606 quum
1175 559 1222 599 ab
1236 557 1363 596 Athe-

171 610 370 648 niensibus
390 617 428 646 et
447 609 758 647 Lacedaemoniis
786 618 1060 659 exposceretur
1086 612 1250 660 publice,
1272 624 1362 660 sup-

171 664 310 714 plicem
347 676 424 700 non
461 663 644 712 prodidit,
682 664 907 712 monuitque
938 671 980 701 ut
1012 665 1229 702 consuleret
1261 665 1362 703 sibi:

171 718 325 754 difficile
356 717 458 754 enim
491 729 574 754 esse
605 718 644 753 in
679 726 757 753 tam
789 718 1004 767 propinquo
1034 719 1117 756 loco
1153 725 1239 756 tuto
1275 731 1364 755 eum

171 772 331 809 versari.
389 771 526 818 Itaque
559 770 729 821 Pydnam
760 784 848 808 eum
879 772 1016 809 deduci
1041 771 1233 820 jussit‚'et
1261 772 1364 821 quod

172 825 265 863 satis
285 831 384 862 esset
404 825 586 873 praesidii
615 825 731 862 dedit.
791 825 869 862 Hic
888 826 929 861 in
948 838 1087 863 navem
1107 826 1286 863 omnibus
1303 826 1361 875 ig-

172 886 286 916 notus
305 879 478 916 ascendit
495 891 502 914 ε
523 891 620 926 quae
633 891 753 926 quum
773 885 1000 927 tempestate
1015 879 1186 916 maxima
1205 878 1364 916 Naxum

172 932 350 976 ferretur,
372 932 439 968 ubi
469 939 551 968 turn
580 929 882 969 Atheniensium
915 940 998 969 erat
1016 933 1226 979 exercitus,
1244 933 1366 970 sensit

174 985 465 1030 Themistocles,
489 985 520 1021 si
553 997 598 1022 eo
627 986 877 1034 pervenisset,
899 987 971 1023 sibi
1006 999 1088 1024 esse
1111 987 1363 1036 pereundum.

174 1039 261 1078 Hac
281 1040 510 1077 necessitate
538 1046 705 1084 coactus,
726 1040 880 1077 domino
912 1040 1023 1077 navis
1050 1041 1138 1088 quis
1157 1040 1208 1077 sit
1226 1040 1363 1089 aperit,

173 1094 295 1131 multa
313 1093 497 1143 pollicens
527 1094 560 1130 si
580 1105 620 1130 se
639 1096 916 1131 conservasset.
974 1095 1031 1130 At
1058 1094 1134 1135 ille,
1157 1093 1362 1142 clarissimi

175 1148 249 1184 viri
280 1153 412 1196 captus
445 1147 722 1191 misericordia,
750 1147 852 1184 diem
885 1154 1115 1196 noctemque
1149 1147 1283 1196 procul
1317 1148 1365 1184 ab

173 1199 299 1239 insula
312 1202 352 1237 in
372 1201 452 1238 salo
471 1212 609 1237 navem
623 1201 746 1237 tenuit
759 1201 800 1236 in
814 1202 974 1246 ancoris,
988 1213 1114 1250 neque
1132 1213 1366 1250 quemquam

173 1269 224 1293 ex
244 1253 289 1292 ea
308 1255 416 1292 exire
435 1266 569 1303 passus
579 1260 650 1290 est.
706 1254 804 1291 Inde
816 1254 1014 1303 Ephesum
1026 1255 1217 1304 pervenit,
1230 1255 1362 1303 ibique

175 1309 473 1346 Themistoclem
508 1308 693 1356 exponit:
734 1308 796 1344 cui
828 1308 892 1345 ille
922 1321 991 1357 pro
1023 1309 1171 1345 meritis
1201 1308 1366 1358 gratiam

173 1369 305 1412 postea
323 1361 471 1399 retulit.

230 1502 330 1541 CAP.
360 1501 440 1538 IX.
505 1499 764 1537 Themistoclis
792 1500 848 1537 acl
874 1499 1133 1537 Artaxerxem
1162 1497 1312 1537 literae.

232 1578 328 1617 SC10
361 1577 563 1626 plerosque
591 1576 647 1613 ita
676 1576 885 1624 scripsisse,
906 1575 1206 1613 Themistoclem
1227 1575 1366 1613 Xerxe

174 1638 362 1682 regnante
393 1632 436 1667 in
466 1631 605 1667 Asiam
636 1630 849 1667 transiisse.
920 1630 996 1667 Sed
1024 1641 1096 1678 ego
1123 1628 1366 1678 potissimum

176 1685 397 1736 Thucydidi
434 1684 561 1729 credo,
597 1683 700 1732 quod
747 1689 872 1721 aetate
918 1683 1119 1731 proximus
1165 1689 1259 1727 erat,
1298 1682 1366 1732 qui

174 1741 329 1777 illorum
360 1744 577 1787 temporum
612 1736 813 1774 historiam
845 1736 1098 1785 reliquerunt,
1119 1741 1158 1773 et
1193 1735 1366 1784 ejusdem

176 1794 347 1832 civitatis
384 1791 470 1829 fuit.
545 1791 586 1828 Is
622 1797 750 1828 autem
789 1791 854 1836 ait,
892 1791 941 1827 ad
978 1790 1240 1827 Artaxerxem
1277 1802 1366 1826 eum

175 1848 338 1891 venisse,
361 1851 476 1895 atque
508 1845 569 1882 his
588 1845 718 1882 verbis
737 1844 939 1892 epistolam
957 1844 1106 1882 misisse
1123 1857 1132 1880 ε
1197 1842 1366 1880 Themis-

176 1901 288 1938 tocles
308 1901 395 1936 veni
419 1899 474 1936 ad
491 1904 537 1944 te,
557 1900 624 1947 qui
637 1898 815 1948 plurima
834 1897 937 1934 mala
958 1897 1127 1934 omnium
1153 1896 1366 1934 Graiorum

176 1956 217 1992 in
235 1955 388 1991 domum
408 1959 515 1989 tuam
534 1951 658 1997 intuli,
679 1964 798 2001 quum
816 1951 910 1988 milii
927 1963 1072 1988 necesse
1076 1950 1166 1998 fuit
1182 1951 1368 1987 adversus

174 2014 325 2059 patrem
362 2011 470 2042 tuum
507 2004 661 2050 bellare,
693 2006 945 2055 patriamque
980 2017 1104 2041 meam
1149 2003 1365 2053 defendere.

176 2062 286 2099 Idem
318 2059 436 2096 multo
464 2058 585 2108 plura
617 2058 718 2095 bona
724 2058 820 2107 feci,
838 2064 1042 2108 postquam
1060 2059 1102 2094 in
1121 2063 1202 2094 tuto
1221 2059 1311 2108 ips-e,
1331 2063 1369 2094 et

176 2115 240 2153 ille
257 2116 300 2151 in
316 2112 488 2164 periculo
518 2125 594 2149 esse
625 2113 757 2163 coepit.
813 2112 922 2149 IVam
949 2125 1068 2162 quum
1088 2112 1129 2148 in
1148 2111 1285 2148 Asiam
1305 2124 1367 2148 re·

177 2169 276 2206 verti
309 2166 436 2212 nollet,
453 2165 601 2216 proelio
633 2166 744 2216 apud
776 2165 983 2203 Salamina
991 2165 1116 2213 fact0‚
1139 2164 1262 2202 literis
1280 2177 1366 2202 eum

178 2223 375 2260 certiorem
394 2220 492 2268 feci,
512 2219 555 2256 id
584 2220 660 2268 aqi,
691 2226 734 2256 ut
759 2232 867 2269 pons,
900 2232 1011 2269 quem
1040 2220 1082 2256 in
1114 2215 1365 2268 Hellesponto

167 2277 333 2326 fecerat,
354 2272 635 2320 dissolveretur,
655 2279 770 2323 atque
802 2273 851 2310 ab
883 2272 1052 2310 hostibus
1070 2273 1364 2313 circumiretur,-

179 2343 254 2380 quo
283 2329 418 2366 nuntio
447 2326 510 2364 ille
538 2326 711 2376 periculo
743 2332 797 2363 est
825 2326 1019 2364 liberatus.
1075 2324 1202 2364 Nunc
1235 2329 1365 2361 autem

179 2382 337 2432 corffuyi
353 2381 409 2418 ad
425 2387 470 2426 te,
491 2381 706 2429 exayitatus
725 2393 750 2417 α
765 2379 903 2418 cuncta
924 2378 1106 2425 Graecia,
1119 2385 1222 2416 tuam
1229 2382 1365 2427 petens

180 2436 390 2475 amicitiam
405 2450 417 2472 :
445 2447 563 2484 quam
581 2435 615 2471 si
632 2447 697 2471 ero
716 2434 887 2485 adeptus,
909 2447 985 2472 non
1005 2435 1130 2471 minus
1148 2444 1206 2469 me
1225 2430 1365 2468 bonum
