1496 2671
1243 100 1264 110 n·-

467 112 631 150 LIBER
662 111 907 149 TERTIUS.
1002 154 1005 161 ,
1250 120 1256 138 ⁴

98 223 346 273 nequidquam
366 219 581 257 confitebor
636 218 712 255 Hic
730 219 857 255 tanti
847 217 1046 280 apparatus
1065 213 1263 255 exercitus,

97 278 187 315 haee
212 281 269 316 tot
295 273 462 323 gentium
490 278 528 311 et
555 272 671 310 totius
699 271 850 308 orientis
878 271 998 308 excita
1025 269 1173 307 sedibus
1192 267 1266 303 suis

99 331 237 376 moles,
243 326 408 366 finitimis
427 331 550 387 potest
577 338 655 362 esse
683 325 886 367 terribilis3
909 325 1005 362 nitet
1023 334 1187 373 purpura
1201 333 1265 357 au-

96 396 220 434 roque,
237 381 356 430 fulget
370 380 479 416 armis
498 385 536 417 et
551 379 751 440 opulentia,
766 383 892 427 quant·
895 391 954 423 un,
972 378 1035 426 qui
1055 377 1171 414 oeulis
1190 386 1265 412 non

97 436 294 485 subjecere,
315 433 446 471 animis
466 433 659 482 concipere
678 444 754 468 non
774 437 942 481 possunt.
999 431 1073 468 Sed
1090 430 1265 468 Macedo-

96 503 183 528 num
203 489 308 531 acies,
339 492 446 524 torva
473 499 560 524 sane
588 491 625 524 et
652 485 805 530 inculta,
834 485 972 534 clypeis
989 485 1207 533 hastisque'
1198 498 1265 521 im-

95 542 247 579 mobiles
267 553 403 578 euneos
422 545 460 577 et
478 540 644 577 eonfe1ta
670 540 804 576 rob01a
832 539 995 575 vir-oxum
1024 539 1132 585 tegit.
1190 538 1264 588 Ipsi

89 596 306 646 phalam-qam
326 600 461 631 vocant
495 594 664 643 peditum
700 593 832 630 stabile
869 604 1014 640 agn..en
1069 590 1138 628 Vi·
1174 594 1264 636 viro,

90 650 203 686 armis
221 661 323 685 arma
341 653 511 685 conserta
539 653 654 684 sunt:
684 646 731 682 ad
751 622 1090 683 11ut111n0⁴nior1entis
1116 646 1264 684 intenti.

55 720 59 725 ·
93 703 196 752 sequi
216 703 333 750 signa,
355 701 502 739 ordines
521 713 667 738 servare
693 699 866 736 didicere.
924 699 1038 744 Quod
1064 699 1266 748 imperatur

93 768 222 793 omnes
257 755 491 792 exaudiunt:
523 755 712 798 obsistere,
747 753 952 793 circumire,
991 753 1198 790 discurrere
1227 755 1263 790 in

94 822 221 854 cornu,
242 815 388 847 mutare
405 821 581 857 pugnam,
612 820 688 844 non
707 807 819 844 duces
848 807 965 855 magis
993 819 1103 856 quam
1131 807 1266 845 milites

92 863 240 901 callent.
297 862 349 900 Et
367 875 414 898 ne
433 862 513 898 auri
532 861 752 910 argentique
771 860 896 898 studio
923 860 1041 898 teneri
1060 865 1181 910 putes,
1201 862 1265 898 ad-

91 917 165 954 huc
183 910 250 953 illa?
265 916 469 964 disciplina,
492 920 711 964 paupertate
729 915 917 963 magistra,
939 914 1043 952 stetit
1064 928 1072 951 z
1102 915 1267 963 fatigatis

93 970 227 1008 humus
246 970 367 1007 cubile
387 974 442 1007 est
463 982 471 1012 3
492 970 597 1006 cibus
610 981 718 1017 quem
740 973 924 1017 occupant
943 968 1053 1005 saliat
1070 982 1078 1012 3
1100 974 1268 1018 tempora

93 1024 212 1060 somni
231 1024 390 1060 arctiora
409 1035 519 1071 quam
538 1023 658 1060 noctis
678 1027 779 1059 sunt.
844 1021 868 1059 J
872 1034 930 1058 am
945 1022 1113 1059 Thessali
1125 1023 1267 1072 equites

92 1081 130 1114 et,
165 1078 382 1113 Acarnanes
418 1076 629 1124 Aetolique,
656 1076 795 1113 invicta
822 1075 920 1112 bello
948 1087 1090 1120 manus,
1128 1076 1264 1122 fundis,

93 1130 214 1175 credo,
236 1136 274 1167 et
292 1130 407 1167 hastis
426 1129 514 1177 igne
542 1130 684 1166 duratis
712 1128 963 1177 repellentur!
1022 1129 1107 1166 Pari
1135 1131 1267 1168 robore

94 1196 186 1233 opus
206 1188 272 1220 est.
332 1183 376 1219 In
405 1182 468 1219 illa
487 1188 597 1227 terra,
628 1195 722 1231 quae
740 1182 809 1219 hos
826 1182 970 1231 genuit,
991 1184 1129 1220 auxilia
1155 1197 1265 1233 quae-

92 1237 208 1274 renda
227 1243 325 1274 sunt.
380 1236 587 1284 Argentum
599 1237 701 1273 istud
716 1241 827 1284 atque
842 1249 973 1273 aurum
992 1236 1040 1273 ad
1056 1237 1265 1275 conducen-

91 1291 180 1327 dum
210 1290 363 1327 militem
381 1290 513 1339 mitte,
532 1289 626 1327 Erat,
653 1289 772 1326 Dario
800 1290 890 1327 mite
917 1302 960 1326 ae
987 1291 1183 1328 tractabile
1210 1293 1265 1328 in-

92 1344 255 1392 genium,
277 1344 348 1381 nisi
375 1349 547 1380 naturam
575 1344 794 1392 plerumque
820 1343 973 1381 fortuna
999 1353 1265 1394 corrumperet.

93 1397 225 1446 Itaque
243 1397 410 1435 veritatis
428 1397 636 1446 impatiens,
666 1397 849 1446 hospitem
870 1410 912 1434 ae
939 1398 1156 1447 supplicem,
1177 1404 1267 1436 tune

91 1451 251 1488 maxime
286 1451 393 1488 utilia
420 1450 650 1495 suadentem,
690 1451 855 1488 abstrahi
884 1451 998 1499 jussit
1034 1452 1083 1488 ad
1110 1453 1267 1502 capitale

93 1504 325 1554 supplicium.
419 1504 499 1550 Ille,
529 1516 576 1540 ne
604 1510 684 1542 tum
713 1504 863 1553 quidem
895 1505 1078 1543 libertatis
1116 1507 1264 1552 oblitus,

92 1564 100 1577 ⁴
117 1558 275 1603 Habeo,’
293 1557 426 1607 inquit,
450 1561 643 1606 ‘paratum
663 1558 795 1595 mortis
815 1571 917 1595 meae
944 1559 1103 1596 ultorem
1125 1574 1133 1597 z
1155 1573 1265 1610 expe-

91 1616 147 1649 tet
165 1624 301 1661 poenas
329 1612 400 1648 mei
430 1611 573 1648 consilii
597 1611 711 1660 spreti
738 1612 769 1648 is
797 1612 875 1660 ipse
902 1617 1033 1649 contra
1061 1627 1171 1663 quem
1199 1615 1266 1652 tibi

89 1666 208 1714 suasi..
255 1665 313 1702 Tu
332 1665 493 1714 quidem,
522 1665 671 1702 licentia
699 1665 805 1713 regni
832 1671 907 1703 tam
938 1667 1062 1704 subito
1088 1672 1266 1712 mutatus,

90 1719 354 1757 documentum
383 1719 454 1755 eris
481 1719 650 1767 posteris,
679 1719 859 1764 homines,
889 1733 973 1756 cum
1002 1733 1040 1757 se
1067 1723 1266 1770 permisere

92 1772 272 1817 fortunae,
294 1773 405 1810 etiam
424 1777 595 1810 naturam
614 1772 828 1809 dediscere?
866 1773 970 1811 Haec
990 1775 1264 1820 vociferantem,

93 1826 226 1875 quibus
254 1830 334 1863 erat
360 1826 593 1875 imperatum,
615 1825 807 1875 jugulant.
865 1827 955 1864 Sera
974 1827 1111 1865 deinde
1137 1831 1265 1878 poeni-

92 1879 210 1917 tentia
237 1879 350 1917 subiit
377 1892 527 1928 regem;
557 1892 599 1917 ae
627 1893 714 1917 vera
733 1881 870 1917 dixisse
897 1881 1085 1919 confessus
1105 1896 1189 1920 eum
1210 1897 1265 1920 se-

92 1933 199 1984 peliri
212 1932 336 1982 jussit.

146 1986 217 2022 VI.
229 1987 267 2023 3.
283 1986 496 2036 Thymodes
515 1992 595 2024 erat
614 1987 796 2024 Mentmis
811 1988 946 2034 filius,
935 1990 1263 2041 lmpigerjuvenis,

92 2040 151 2075 eui
170 2045 385 2090 praceptum
413 2046 468 2077 est
495 2053 517 2077 a
535 2053 623 2089 rege
651 2045 693 2078 ut
719 2054 846 2078 omnes
874 2043 1090 2091 pereglinos
1117 2044 1263 2092 milites,

92 2094 131 2128 in
152 2093 253 2141 queis
271 2093 469 2142 plurimum
484 2093 645 2132 habebat
663 2095 751 2144 spei,
769 2108 790 2132 a
810 2095 1050 2134 Pharnabazo
1069 2099 1263 2147 acciperet.

94 2158 205 2195 opera
238 2159 363 2184 eorum
391 2159 525 2185 usurus
551 2148 590 2184 in
610 2149 718 2186 bello.
778 2150 851 2198 Ipsi
880 2150 1121 2189 Pharnabazo
1149 2152 1265 2191 tradit

91 2200 288 2249 imperium
316 2201 416 2249 quod
443 2206 531 2239 ante
558 2201 750 2240 Memnoni
787 2203 952 2242 dederat.
1021 2206 1187 2243 Anxium
1216 2207 1262 2244 de

91 2253 316 2290 instantibus
352 2254 448 2291 curis
474 2255 668 2316 agitabant
685 2257 798 2295 etiam
825 2270 890 2307 per
926 2270 1096 2296 somnum
1125 2261 1262 2309 species

92 2307 362 2344 imminentium
381 2319 530 2346 rerum:
560 2309 637 2346 sive
654 2310 737 2348 illas
756 2311 966 2360 aegritudo,
983 2313 1061 2350 sive
1079 2313 1260 2352 divinatio

89 2360 204 2399 animi
231 2360 498 2410 praesagientis
517 2363 684 2401 accersit.
742 2365 873 2404 Castra
892 2365 1097 2404 Alexandri
1126 2380 1262 2416 magno
