1496 2671
419 107 516 136 cA'ro
536 106 665 134 MAJOR
684 106 736 133 ms
756 105 995 134 sannorum.
1250 93 1299 134 17

118 212 156 244 et
176 204 344 255 praeclari
363 203 443 247 viri,
464 214 546 252 quae
566 201 656 238 mihi
676 202 815 240 tradita
834 207 902 247 est,
924 213 1036 251 quum
1068 213 1183 239 essem
1203 201 1292 239 ado-

73 258 257 298 .lescens
277 256 433 295 Tarenti
452 269 537 293 cum
558 255 705 301 Quinto
726 255 904 292 Maximo.
938 254 1101 300 {Nullam
1119 255 1310 305 capitalio-

116 324 195 351 rem
206 314 356 363 pestem,
378 322 488 358 quam
505 310 667 359 corporis
683 308 911 358 voluptatem,
932 309 1134 346 hominibus
1153 308 1301 347 dicebat

113 380 138 404 a
157 371 295 404 natura
314 363 461 405 datam5
475 363 578 413 cujus
592 362 790 411 voluptatis
808 362 930 399 avidae
946 362 1112 399 libidines
1126 367 1255 400 temere
1268 367 1302 401 et

109 419 285 469 effrenate
303 416 356 454 ad
367 417 594 467 potiundam
605 413 905 465 incitarent[ur].
962 415 1025 453 40.
1046 415 1144 453 Hinc
1158 417 1300 466 patrioe

105 471 350 523 proditiones,
387 470 469 507 hinc
504 468 856 519 rerumpublicarum
883 470 1091 514 eversiones,
1111 470 1194 506 hinc
1221 482 1302 508 cum

106 525 263 563 hostibus
300 523 525 561 clandestina
570 523 750 572 colloquia
786 522 918 559 nasci:
964 524 1108 561 nullum
1144 523 1297 572 denique

109 578 233 621 scelus,
255 577 398 614 nullum
415 576 552 614 malum
561 577 714 627 facinus
730 586 816 620 esse,
837 575 891 613 ad
906 576 1006 624 quod
1023 577 1294 626 suscipiendum

105 644 180 669 non
191 631 304 669 libido
323 630 524 679 voluptatis
541 630 740 680 impelleret
754 643 766 671 ;
793 634 926 678 stupra
943 642 1027 667 vero
1056 635 1090 668 et
1108 629 1294 667 adulteria

109 689 142 722 et
161 698 264 722 omne
292 685 364 722 tale
381 683 574 733 flayitium
593 683 705 721 nullis
723 683 809 720 aliis
835 683 1011 720 illecebris
1029 684 1196 728 excitari,
1224 685 1298 722 nisi

108 739 321 788 voluptatis.
383 736 574 786 Quumque
591 737 730 775 homini
746 738 820 774 sive
837 741 975 774 natura
993 738 1067 774 sive
1084 737 1164 785 quis
1192 736 1298 775 Deus

108 792 202 830 nihil
220 796 336 829 mente
350 791 602 841 proestabilius
620 790 776 828 dedisset
795 803 810 836 ;
838 790 921 827 huic
940 790 1066 828 divino
1085 792 1228 828 muneri
1255 804 1298 828 ac

110 846 207 884 dono
239 845 332 883 nihil
359 857 430 881 csse
460 849 535 882 tam
562 845 762 888 inimicum,
793 856 902 893 quam
930 844 1164 894 voluptatem.
1231 844 1297 882 41.

110 898 190 937 Nec
205 900 300 936 enim
319 898 468 936 libidine
487 898 696 936 dominante
716 898 968 947 temperantiae
985 898 1102 936 locum
1119 910 1202 943 esse,
1232 911 1294 935 ne-

111 965 179 1002 que
197 954 343 990 omnino
359 953 400 988 in
417 952 616 1001 voluptatis
634 964 744 1002 reyno
771 952 941 989 virtulem
955 964 1061 1001 posse
1089 952 1291 991 consistere.

114 1005 225 1052 Quod
249 1018 320 1055 quo
338 1006 454 1055 maqis
481 1005 635 1055 intelliyi
656 1009 788 1055 posset,
808 1005 951 1055 finyere
987 1007 1111 1043 animo
1130 1005 1291 1055 jubebat,

111 1061 217 1097 tantd
231 1060 420 1097 incitatum
435 1058 592 1107 aliquem
606 1059 792 1108 voluptate
809 1060 982 1108 corporis,
999 1064 1136 1107 quanta
1151 1060 1300 1109 percipi

103 1119 226 1163 posset
243 1114 417 1150 maxima.
472 1112 626 1149 Nemini
639 1113 799 1149 censebat
807 1112 894 1162 fore
912 1111 1073 1156 dubium,
1094 1113 1184 1161 quin
1203 1117 1297 1150 tam-

108 1166 185 1209 diu,
206 1166 293 1203 dum
321 1167 373 1202 ita
388 1165 571 1214 ⁸qemderet,
602 1165 693 1202 niliil
712 1167 854 1215 aqitare
873 1171 999 1209 mente,
1019 1167 1110 1203 nihil
1137 1167 1294 1212 ratione,

106 1220 198 1258 nihil
216 1220 431 1270 cogitatione
449 1220 615 1267 consequi
629 1225 763 1268 posset.
811 1218 993 1264 Quocirca
1020 1220 1111 1257 nillil
1126 1232 1198 1257 esse
1217 1225 1293 1258 tam

107 1273 313 1311 detestabile
332 1277 477 1321 tamque
498 1273 728 1322 pestiferum,
747 1285 856 1322 quam
883 1273 1128 1323 voluptatem:
1157 1275 1191 1310 si
1209 1275 1289 1323 qui-

111 1327 192 1364 dem
218 1339 275 1371 ea,
302 1338 413 1375 quum
439 1326 558 1376 major
592 1331 679 1364 esset
714 1331 822 1376 atque
858 1326 1012 1376 lon9i0r‚
1049 1339 1151 1364 omne
1179 1328 1296 1365 animi

118 1381 238 1418 lumen
255 1381 510 1429 exstinqueret.
568 1379 663 1416 Haec
692 1392 776 1416 cum
811 1379 901 1417 Caio
940 1379 1079 1417 Pontio
1113 1380 1292 1427 Samnite,

113 1439 220 1483 patre
246 1433 339 1482 ejus,
370 1445 391 1469 a
418 1445 492 1482 quo
521 1432 694 1470 Caudino
722 1433 851 1481 praelio
879 1433 1035 1482 Spurius
1066 1434 1292 1480 Postumius,

116 1488 225 1526 Titus
245 1486 436 1529 Veturius,
459 1486 652 1527 Consules,
673 1487 836 1535 superati
849 1491 948 1531 sunt,
965 1487 1132 1525 locutum
1146 1488 1293 1538 Archy-

113 1547 202 1586 tam,
221 1540 416 1578 Nearchus
430 1539 668 1584 Tarentinus,
689 1540 823 1589 hospes
843 1545 981 1585 noster,
996 1542 1059 1589 qui
1079 1541 1116 1578 in
1134 1541 1297 1580 amicitia

115 1595 244 1644 populi
266 1593 427 1631 Romani
455 1598 721 1642 permanserat,
752 1606 791 1630 se
810 1606 831 1631 a
858 1593 1060 1642 majoribus
1079 1601 1171 1632 natu
1191 1608 1296 1632 acoe-

114 1648 212 1698 pisse
230 1648 390 1692 dicebat,
401 1659 516 1696 quum
532 1647 684 1696 quidem
703 1646 737 1684 ei
752 1647 913 1684 sermoni
932 1647 1162 1686 interfuisset
1183 1648 1295 1687 Plato

114 1701 355 1739 Atheniensis
372 1714 380 1738 :
410 1713 521 1749 quem
552 1700 759 1737 Tarentum
795 1701 939 1738 venisse
977 1701 1095 1738 Lucio
1126 1701 1297 1746 Camillo,

116 1755 242 1804 Appio
259 1754 418 1792 Claudio
438 1754 675 1799 Consulibus,
689 1754 845 1803 reperio.
902 1754 967 1791 42.
999 1755 1168 1800 Quorsus
1183 1755 1264 1792 haeo
1279 1755 1298 1793 P

118 1808 172 1846 Ut
189 1808 420 1857 intelligatis,
443 1808 471 1844 si
501 1808 730 1856 voluptatem
750 1808 941 1856 aspernari
968 1809 1115 1846 ratione
1133 1814 1171 1846 et
1200 1809 1297 1858 sapi-

114 1862 216 1900 entia
233 1874 308 1899 non
327 1874 529 1911 possemUS,
558 1874 732 1909 magnam
761 1861 972 1898 habendam
1001 1862 1184 1900 senectuti
1212 1875 1298 1910 gra-

116 1916 218 1960 tiam,
231 1927 314 1964 quae
328 1915 502 1959 effecerit,
514 1919 557 1952 ut
576 1915 615 1951 id
631 1927 705 1951 non
720 1915 864 1960 liberet,
879 1915 981 1964 quod
995 1928 1073 1952 non
1090 1921 1297 1964 oporteret.

116 1969 277 2018 Impedit
303 1969 402 2006 enim
430 1968 626 2006 consilium
654 1968 838 2018 voluptaS‚
869 1969 1006 2006 rationi
1042 1968 1221 2006 inimica:
1252 1982 1295 2007 ac

114 2022 262 2067 mentis,
298 2026 342 2059 ut
378 2023 431 2059 ita
467 2022 602 2067 dicam,
638 2021 870 2071 praestringit
897 2022 1025 2059 oeulos
1045 2036 1054 2066 ;
1084 2035 1154 2060 nec
1181 2023 1296 2061 habet

114 2077 233 2113 ullum
253 2088 336 2113 cum
364 2075 503 2112 virtute
532 2076 807 2112 commercium.
865 2075 1011 2113 Invitus
1030 2077 1182 2125 quidem
1211 2077 1292 2122 feci,

115 2135 159 2168 ut
177 2128 366 2166 fortissimi
385 2128 454 2165 viri
471 2128 549 2166 Titi
570 2128 771 2166 Flaminini
790 2128 944 2166 fratrem
965 2128 1126 2167 Lucium
1156 2129 1293 2167 Flami-

115 2183 246 2221 ninum
266 2195 286 2220 e
307 2182 448 2219 Senatu
468 2181 649 2230 ejicerem,
670 2187 757 2220 octo
777 2182 885 2219 annis
904 2188 999 2232 post,
1021 2196 1132 2232 quam
1154 2183 1297 2221 Consul

114 2237 263 2274 fuisset:
279 2235 345 2273 sed
364 2235 569 2272 notandam
580 2236 709 2284 putavi
726 2235 932 2273 libidinem.
973 2236 1042 2274 Ille
1061 2237 1159 2274 enim
1180 2250 1296 2286 quum

116 2295 214 2328 esset
234 2289 387 2333 Consul,
406 2288 446 2325 in
467 2288 591 2325 Gallia
608 2293 782 2326 exoratus
800 2289 840 2326 in
860 2289 1030 2328 convivio
1045 2303 1067 2328 a
1085 2296 1209 2329 scorto
1227 2295 1296 2335 est,

116 2349 160 2382 ut
189 2343 307 2383 securi
334 2341 463 2380 feriret
490 2341 651 2391 aliquem
679 2354 818 2389 eorum,
848 2343 970 2393 quiin
990 2344 1147 2382 vinculis
1176 2349 1300 2384 essent

667 2394 752 2436 132
