1496 2671
386 170 569 217 QUINTI
600 172 776 210 CURTII
808 172 939 221 RUFI,

637 271 684 293 DE

462 343 601 375 REBUS
625 342 778 374 GESTIS

162 423 434 487 ALEX
450 423 769 487 ANDRI
818 425 1181 490 MAGNh

435 534 566 566 Rssffls
589 533 894 575 MACEDONUM,

449 615 605 654 LIBER
631 615 864 654 TERTIUS.

324 718 475 741 »mom-:s
502 717 571 740 Duo
594 717 696 739 LIBRI
719 717 792 740 NON
818 718 995 742 Exs’rANT.

420 903 441 926 A
450 900 563 927 RGUM
570 900 711 927 ENTUM
741 901 888 926 TERTH.

123 973 147 1012 I
147 1001 154 1011 .
173 972 411 1012 Celaenarum
423 971 509 1008 urbe
520 974 554 1008 et
566 983 649 1008 arce
661 975 814 1020 recepta,
821 971 1045 1020 primariam
1051 971 1238 1024 Phryyiae

70 1030 192 1067 urbem
209 1025 418 1065 Alexander
435 1023 641 1074 ingreditur
658 1037 670 1061 :
697 1024 738 1060 in
755 1036 829 1072 qua
844 1024 1002 1074 fatalem
1024 1025 1158 1063 Gordii
1173 1041 1237 1066 rw-

65 1083 157 1120 dum
182 1081 313 1119 solvit:
340 1092 382 1116 ac
407 1078 537 1116 deinde
565 1077 704 1115 obviam
732 1076 857 1114 Dario
892 1079 947 1115 ire
981 1082 1124 1117 statuit.
1179 1081 1237 1118 II.

70 1135 260 1173 Exercitus
286 1132 432 1170 Persici
468 1131 636 1168 lustratio
655 1145 666 1168 .-
693 1131 738 1168 de
763 1144 834 1179 quo
859 1143 969 1180 quum
994 1131 1114 1170 Darii
1128 1135 1238 1184 jussu

72 1189 307 1228 Charidemus
343 1185 568 1224 Atheniensis
607 1196 730 1221 verum
772 1185 990 1234 liberumque
1028 1187 1238 1237 protulisset

54 1243 242 1293 judicium
256 1256 267 1286 ;
294 1240 409 1290 capite
427 1239 619 1276 mulctatus
636 1243 700 1276 est.
755 1236 835 1274 III.
854 1238 1022 1290 Pompae
1032 1240 1235 1280 Persarum

67 1309 199 1347 reyum,
227 1299 308 1334 orto
340 1293 424 1332 Sole
459 1292 600 1330 demum
630 1291 910 1342 procedentium,
945 1299 1021 1330 tum
1049 1298 1234 1345 copiarum

66 1350 272 1389 Alexandri
297 1347 498 1397 descriptio.
553 1345 579 1383 Ι
584 1345 627 1383 V.
660 1344 836 1383 Desertas
866 1347 911 1383 ab
947 1347 1086 1385 Arsene
1118 1348 1239 1387 Darii

61 1404 244 1455 praefecto
279 1399 430 1441 Ciliciae
454 1400 584 1450 fauces
610 1398 821 1437 Alexander
851 1405 1051 1450 opportune
1072 1410 1235 1453 occupat.

74 1458 115 1496 V,
147 1448 241 1495 Cum
258 1458 299 1494 in
320 1453 486 1506 Cydnum
495 1453 637 1503 flumen
653 1453 822 1490 abluendi
840 1455 1002 1504 corporis
1024 1456 1150 1506 qratia
1177 1460 1233 1494 in-

61 1513 266 1563 tempestive
293 1508 533 1553 descendisset,
557 1507 771 1557 yracissimo
798 1507 919 1544 morbo
946 1510 1145 1559 corripitur
1170 1525 1237 1548 recc-

63 1568 152 1615 ipse.
215 1564 273 1602 VI
272 1592 280 1601 .
312 1562 386 1608 Qui
412 1575 436 1599 a
453 1561 536 1611 fido
558 1561 780 1610 sapientique
805 1561 940 1598 medico
960 1561 1149 1614 Philippo,
1175 1568 1234 1602 cui

62 1633 88 1656 a
107 1624 178 1657 toto
197 1619 354 1656 exercitu
371 1617 528 1666 inqentes
550 1615 695 1664 qratiae
721 1614 906 1660 habentur,
931 1616 1112 1664 pristinae
1136 1619 1232 1656 vale-

60 1673 183 1710 tudini
211 1685 295 1710 mox
321 1670 535 1708 restituitur.
598 1666 686 1704 VH.
722 1666 886 1718 Veyetior
901 1669 1037 1719 factus,
1066 1670 1231 1710 Darium

59 1726 209 1777 ayyredi
236 1727 377 1777 coquat,
397 1723 626 1771 Sisenemque
644 1720 813 1767 Persam,
842 1724 1090 1773 imprudentia
1115 1725 1229 1763 delin-
1248 1752 1253 1761 .

57 1786 232 1829 «luentem,
262 1779 374 1817 occidi
394 1777 510 1827 jubet.
574 1774 683 1813 VIII.
704 1774 824 1812 Darii
851 1782 934 1814 ante
956 1790 1121 1828 puqnam
1149 1794 1229 1817 con-

59 1834 167 1871 silia:
188 1839 263 1871 tum
280 1833 455 1871 exercitus
468 1829 612 1867 Persici
631 1831 867 1867 consternatio
883 1843 891 1874 ;
907 1833 1100 1880 proximae
1118 1834 1231 1871 inter-

62 1888 216 1925 necionis
237 1886 483 1938 praesayium.
539 1882 614 1920 IX.
650 1882 846 1931 Utriusque
872 1886 1046 1922 exercitus
1072 1888 1230 1925 membra

57 1942 268 1991 praecipua,
288 1946 322 1979 et
340 1939 494 1979 collatio.
551 1936 605 1973 X.
634 1936 842 1973 Alexandri
866 1939 985 1976 oratio
1010 1939 1064 1976 ad
1083 1940 1228 1978 milites.

62 1993 140 2030 XI.
167 1994 306 2045 Puyna
322 1997 480 2037 cruenta,
499 1992 540 2027 in
557 2003 630 2039 qua
650 1989 819 2035 100,000
841 1991 1007 2040 peditum
1024 2005 1068 2030 ac
1085 1994 1227 2039 10,000

59 2049 217 2096 equitum
238 2046 433 2086 Persarum
459 2044 665 2083 occumbunt
678 2057 690 2081 .·
717 2044 865 2093 reliquis
883 2044 984 2095 fusis
1000 2046 1228 2097 fuqatisque.

61 2100 162 2137 XII.
203 2100 343 2139 Castris
368 2100 487 2138 Darii
511 2099 648 2148 inqentt
669 2098 813 2148 praeda
834 2100 977 2148 potitur
1002 2100 1227 2139 Alexander.

62 2153 181 2192 XIII.
209 2154 346 2193 Matris
363 2160 396 2192 et
413 2154 539 2191 uxoris
555 2151 684 2196 Darii,
704 2164 766 2188 nec
783 2164 854 2188 non
871 2153 1031 2191 aliarum
1054 2156 1226 2193 nobilium

59 2209 288 2258 captivarum
306 2208 447 2253 luctum,
466 2206 509 2244 ob
525 2217 641 2255 reyem
668 2217 770 2254 quem
789 2207 972 2255 putabant
990 2209 1222 2260 interfectum,

61 2261 160 2311 reyio
189 2274 344 2312 prorsus
377 2263 497 2299 animo
532 2259 625 2296 levat
658 2259 877 2296 Alexander.
923 2307 931 2313 .
957 2260 1075 2298 XIV.
1106 2261 1225 2301 Darii

54 2326 188 2364 qazam
213 2317 433 2361 immensam,
460 2325 538 2350 cum
566 2313 703 2362 inqenti
736 2313 907 2350 nobilium
933 2326 1092 2360 numero,
1121 2316 1223 2354 Par--

57 2369 213 2406 menioni
224 2369 428 2420 proditorie
447 2366 627 2405 Damasci
637 2365 843 2415 praefectus
860 2367 988 2405 tradit.
