1496 2671
572 168 888 206 HANNIBAL.
1275 169 1326 204 43

133 291 311 328 effatuque,
339 278 505 315 obducta
534 282 654 320 nocte,
677 283 869 313 sarmenta
897 276 937 312 in
963 275 1147 313 cornibus
1170 273 1326 322 jumen-

134 341 261 370 torum
282 332 449 380 deligata
468 331 649 373 incendit,
671 329 829 378 ejusque
858 330 1011 377 generis
1038 328 1326 367 multitudinem

134 399 314 435 magnam
340 384 565 433 dispalatam
594 383 768 420 immisit.
827 381 913 427 Quo
941 382 1142 431 repentino
1171 381 1322 429 objectu

134 441 230 484 viso,
251 445 402 476 tantum
421 445 607 475 terrorem
626 437 760 485 injecit
780 437 969 473 exercitui
991 437 1261 479 Romanorum,
1283 445 1326 471 ut

131 493 267 541 egredi
287 498 398 529 extra
416 492 558 532 vallum
584 503 695 527 nemo
722 491 773 526 sit
801 502 930 528 ausus..
988 489 1102 526 Hanc
1130 495 1216 538 post
1243 501 1325 525 rem

134 552 293 596 gestam,
315 558 391 583 non
424 545 480 581 ita
507 544 638 581 multis
667 544 813 587 diebus,
838 544 892 580 M.
914 543 1134 579 Minucium
1165 542 1323 585 Rufum,

135 601 362 647 magistrum
383 600 565 646 equitum,
596 598 679 646 pari
708 610 752 634 ac
780 597 1005 634 dictatorem
1037 596 1210 644 imperio,
1239 596 1325 632 dolo

133 654 360 702 perductum
390 653 430 688 in
460 653 659 701 proelium,
686 651 850 700 fugavit.
909 650 1110 687 Tiberium
1144 649 1324 698 Sempro-

133 707 241 744 nium
264 705 497 750 Gracchum,
517 706 659 742 iterum
687 704 895 749 consulem.
915 704 955 742 in
980 703 1147 740 Lucanis
1176 704 1323 746 absens⁹

133 761 175 796 in
212 760 370 797 insidias
415 760 630 804 inductum,
664 758 850 801 sustulit3
898 757 1076 794 Marcum
1119 756 1325 794 Claudiurn

135 814 375 857 Marcellum,
403 813 608 862 quinquies
634 813 841 857 consulem,
869 811 971 860 apud
999 811 1212 847 Venusiam
1242 810 1325 858 pari

136 868 246 905 modo
259 867 464 904 interfecit.
513 867 691 915 Longum
707 873 764 903 est
780 877 1004 903 enumcrare
1021 864 1180 912 proelia:
1210 875 1327 911 quare

134 922 206 958 hoc
238 934 356 958 unum
391 921 483 957 satis
513 921 587 957 erit
619 920 778 964 dictum,
809 931 859 956 ex
889 932 965 966 quo
995 918 1161 967 intelligi
1192 917 1325 966 possit„

131 981 301 1023 quantus
320 975 385 1011 ille
412 974 545 1011 suerit.
603 972 797 1019 Quamdiu
827 973 867 1011 in
897 972 1013 1009 Italia
1032 971 1118 1014 fuit,
1149 984 1261 1008 nemo
1290 972 1325 1007 ei

134 1029 175 1064 in
204 1029 284 1066 acie
312 1028 472 1071 restitit3
500 1040 612 1064 nemo
640 1027 822 1064 adversus
855 1038 954 1070 eum,
977 1031 1062 1073 post
1078 1024 1325 1062 Cannensem

134 1095 315 1131 pugnam,
337 1082 377 1118 in
395 1093 529 1129 campo
548 1086 673 1117 castra
692 1081 831 1129 posuit.

161 1220 261 1259 CAP.
282 1221 358 1258 VI.
414 1218 617 1256 Hannibal
636 1220 680 1256 in
699 1220 841 1270 patrici
868 1219 1041 1258 vincitur
1059 1232 1084 1256 α
1108 1218 1301 1268 Scipione.

189 1297 271 1335 Hic
299 1297 482 1341 invictus,
517 1297 680 1345 patriam
710 1296 909 1334 defensum
940 1302 1155 1341 revocatus,
1182 1296 1325 1333 bellum

134 1351 254 1401 gessit
273 1352 457 1387 adversus
478 1351 524 1387 P.
549 1350 740 1399 Scipionis
760 1351 896 1395 filium,
916 1363 1030 1399 quem
1049 1350 1143 1399 ipse,
1160 1350 1326 1398 primurn

135 1406 238 1453 apud
271 1405 512 1449 Rhodanum,
551 1405 692 1441 iterum
730 1405 832 1453 apud
870 1404 1031 1447 Padum,
1071 1405 1187 1440 tertio
1225 1404 1326 1452 apud

136 1458 330 1502 Trebiam,
357 1458 571 1506 fugaverat.
629 1457 727 1495 Cum
749 1459 830 1502 hoc,
852 1458 1052 1495 exhaustis
1076 1457 1158 1506 jam
1179 1458 1326 1506 patriae

134 1512 395 1555 facultatibus,
426 1509 588 1560 cupivit⁴
608 1511 967 1560 impraesentiarum
997 1512 1141 1548 bellum
1174 1524 1328 1559 compo-

134 1578 237 1610 nere,
265 1577 341 1614 quo
371 1565 562 1601 valentior
594 1572 725 1612 postea
762 1566 1073 1614 congrederetur.
1129 1565 1178 1601 In
1211 1566 1327 1602 collo-

135 1619 268 1667 quium
288 1619 496 1655 convenit:
525 1619 764 1655 conditiones
792 1630 869 1655 non
898 1624 1177 1656 convenerunt.
1233 1619 1328 1656 Post

134 1673 176 1708 id
195 1672 338 1710 factum
360 1672 490 1720 paucis
510 1672 655 1717 diebus,
677 1672 778 1721 apud
799 1672 955 1709 Zamam
975 1685 1062 1709 cum
1085 1673 1218 1709 eodem
1237 1685 1327 1709 con·-

134 1726 251 1763 flixit.
299 1726 454 1769 Pulsus,
469 1725 694 1762 incredibile
711 1727 828 1769 dictu,
847 1727 963 1763 biduo
982 1732 1020 1763 et
1041 1727 1189 1763 duabus
1204 1727 1328 1763 nocti-

133 1781 206 1816 bus
227 1779 489 1816 Adrumetum
517 1781 706 1828 pervenit,
728 1780 830 1829 quod
859 1781 966 1817 abest
985 1793 1007 1817 a
1028 1780 1147 1816 Zama
1174 1780 1329 1816 circiter

133 1832 255 1869 millia
283 1845 463 1880 passuum
491 1839 674 1870 trecenta.
732 1833 780 1870 In
809 1831 881 1870 hac
909 1832 1003 1882 suga
1031 1834 1237 1878 Numidae,
1261 1834 1327 1882 qui

134 1887 249 1924 simul
277 1899 363 1923 cum
392 1900 436 1923 eo
465 1887 546 1924 acie
575 1893 829 1931 excesserant,
850 1887 1024 1923 insidiati
1044 1893 1132 1924 sunt
1152 1887 1204 1930 ei3
1233 1899 1328 1936 quas

134 1953 212 1977 non
232 1940 353 1977 solum
369 1940 517 1988 effugit,
535 1941 601 1977 sed
617 1941 732 1977 etiam
746 1941 848 1990 ipsos
860 1941 1061 1990 oppressit.
1119 1940 1326 1977 Adrumeti

133 1993 301 2041 reliquos
337 2005 386 2030 ex
423 1993 517 2042 fuga
554 1993 740 2043 collegit3
786 1994 896 2030 novis
934 1994 1155 2040 delentibus,
1195 1994 1328 2044 paucis

136 2047 280 2092 diebus,
302 2046 442 2084 multos
462 2047 671 2085 contraxit.

137 2186 240 2227 CAP.
267 2184 359 2223 VII.
417 2166 631 2232 Hahm'bal,
642 2199 735 2236 pace
745 2187 877 2233 facia,
896 2189 1061 2225 metuens
1074 2187 1177 2225 tradi
1194 2187 1328 2225 Roma-

425 2241 503 2287 nis,
522 2240 572 2277 ad
586 2240 819 2279 Antiochum
838 2239 1038 2292 profugit.

192 2314 321 2361 QUUM
340 2314 379 2351 in
400 2317 619 2364 apparando
638 2317 823 2354 acerrime
852 2323 953 2354 esset
981 2322 1200 2366 occupatus,
1231 2317 1327 2355 Car-

136 2369 399 2418 thaginienses
418 2369 561 2405 bellum
580 2383 667 2407 cum
687 2369 869 2408 Romanis
887 2378 1197 2420 composuerunt.
1254 2373 1327 2410 Ille

137 2423 259 2467 nihilo
280 2423 403 2463 secius
423 2423 611 2466 exercitui
630 2429 762 2472 postea
780 2424 958 2472 praefuit,
976 2437 1113 2473 resque
1132 2425 1172 2462 in
1190 2423 1327 2470 Africa
