<?xml version="1.0" encoding="UTF-8"?>
<!DOCTYPE html PUBLIC "-//W3C//DTD XHTML 1.0 Transitional//EN"
    "http://www.w3.org/TR/xhtml1/DTD/xhtml1-transitional.dtd">
<html xmlns="http://www.w3.org/1999/xhtml" xml:lang="en" lang="en">
 <head>
  <title>
</title>
<meta http-equiv="Content-Type" content="text/html;charset=utf-8" />
  <meta name='ocr-system' content='tesseract 3.04.00' />
  <meta name='ocr-capabilities' content='ocr_page ocr_carea ocr_par ocr_line ocrx_word'/>
</head>
<body>
  <div class='ocr_page' id='page_1' title='image "./curriculumlatinu01mont_0030.png"; bbox 0 0 1496 2671; ppageno 0'>
   <div class='ocr_carea' id='block_1_1' title="bbox 169 76 1050 118">
    <p class='ocr_par' dir='ltr' id='par_1_1' title="bbox 169 76 1050 118">
     <span class='ocr_line' id='line_1_1' title="bbox 169 76 1050 118; baseline 0.002 -2"><span class='ocrx_word' id='word_1_1' title='bbox 169 81 221 117; x_wconf 77' lang='lat'>24</span> <span class='ocrx_word' id='word_1_2' title='bbox 505 76 777 116; x_wconf 80' lang='lat' dir='ltr'>CORNELII</span> <span class='ocrx_word' id='word_1_3' title='bbox 805 78 1050 118; x_wconf 82' lang='lat' dir='ltr'>NEPOTIS</span> 
     </span>
    </p>
   </div>
   <div class='ocr_carea' id='block_1_2' title="bbox 170 185 1362 771">
    <p class='ocr_par' dir='ltr' id='par_1_2' title="bbox 170 185 1362 771">
     <span class='ocr_line' id='line_1_2' title="bbox 171 185 1358 236; baseline 0.001 -13"><span class='ocrx_word' id='word_1_4' title='bbox 171 186 327 224; x_wconf 83' lang='lat' dir='ltr'>simum:</span> <span class='ocrx_word' id='word_1_5' title='bbox 356 189 410 231; x_wconf 85' lang='lat' dir='ltr'>ut,</span> <span class='ocrx_word' id='word_1_6' title='bbox 432 186 464 222; x_wconf 90' lang='lat' dir='ltr'>si</span> <span class='ocrx_word' id='word_1_7' title='bbox 482 185 565 234; x_wconf 89' lang='lat' dir='ltr'>ipse</span> <span class='ocrx_word' id='word_1_8' title='bbox 592 186 739 236; x_wconf 85' lang='lat' dir='ltr'>fingere</span> <span class='ocrx_word' id='word_1_9' title='bbox 761 186 885 232; x_wconf 83' lang='lat' dir='ltr'>vellet,</span> <span class='ocrx_word' id='word_1_10' title='bbox 906 199 1030 236; x_wconf 89' lang='lat' dir='ltr'>neque</span> <span class='ocrx_word' id='word_1_11' title='bbox 1050 187 1161 236; x_wconf 86' lang='lat' dir='ltr'>plura</span> <span class='ocrx_word' id='word_1_12' title='bbox 1179 188 1278 224; x_wconf 88' lang='lat' dir='ltr'>bona</span> <span class='ocrx_word' id='word_1_13' title='bbox 1297 200 1358 225; x_wconf 88' lang='lat' dir='ltr'>re-</span> 
     </span>
     <span class='ocr_line' id='line_1_3' title="bbox 170 238 1358 289; baseline 0.002 -13"><span class='ocrx_word' id='word_1_14' title='bbox 170 239 335 282; x_wconf 84' lang='lat' dir='ltr'>minisci,</span> <span class='ocrx_word' id='word_1_15' title='bbox 365 251 490 287; x_wconf 90' lang='lat' dir='ltr'>neque</span> <span class='ocrx_word' id='word_1_16' title='bbox 517 238 662 287; x_wconf 86' lang='lat' dir='ltr'>majora</span> <span class='ocrx_word' id='word_1_17' title='bbox 690 247 818 289; x_wconf 86' lang='lat' dir='ltr'>posset-</span> <span class='ocrx_word' id='word_1_18' title='bbox 845 241 1036 288; x_wconf 87' lang='lat' dir='ltr'>consequi,</span> <span class='ocrx_word' id='word_1_19' title='bbox 1058 253 1170 288; x_wconf 87' lang='lat' dir='ltr'>quam</span> <span class='ocrx_word' id='word_1_20' title='bbox 1189 241 1252 278; x_wconf 89' lang='lat' dir='ltr'>vel</span> <span class='ocrx_word' id='word_1_21' title='bbox 1279 240 1358 278; x_wconf 89' lang='lat' dir='ltr'>for-</span> 
     </span>
     <span class='ocr_line' id='line_1_4' title="bbox 170 292 1359 340; baseline 0.001 -10"><span class='ocrx_word' id='word_1_22' title='bbox 170 299 267 330; x_wconf 82' lang='lat' dir='ltr'>tuna</span> <span class='ocrx_word' id='word_1_23' title='bbox 285 292 349 329; x_wconf 86' lang='lat' dir='ltr'>vel</span> <span class='ocrx_word' id='word_1_24' title='bbox 367 299 506 330; x_wconf 87' lang='lat' dir='ltr'>natura</span> <span class='ocrx_word' id='word_1_25' title='bbox 524 293 727 330; x_wconf 80' lang='lat' dir='ltr'><strong>tribuerat.</strong></span> <span class='ocrx_word' id='word_1_26' title='bbox 782 293 948 331; x_wconf 79' lang='lat' dir='ltr'>Ineunte</span> <span class='ocrx_word' id='word_1_27' title='bbox 968 292 1234 340; x_wconf 67' lang='lat' dir='ltr'>adolescentia,</span> <span class='ocrx_word' id='word_1_28' title='bbox 1254 307 1359 332; x_wconf 88' lang='lat' dir='ltr'>ama-</span> 
     </span>
     <span class='ocr_line' id='line_1_5' title="bbox 170 346 1358 394; baseline 0.001 -10"><span class='ocrx_word' id='word_1_29' title='bbox 170 352 235 384; x_wconf 88' lang='lat' dir='ltr'>tus</span> <span class='ocrx_word' id='word_1_30' title='bbox 255 352 313 384; x_wconf 85' lang='lat' dir='ltr'>est</span> <span class='ocrx_word' id='word_1_31' title='bbox 332 359 354 382; x_wconf 87' lang='lat' dir='ltr'>a</span> <span class='ocrx_word' id='word_1_32' title='bbox 371 346 518 391; x_wconf 87' lang='lat' dir='ltr'>multis,</span> <span class='ocrx_word' id='word_1_33' title='bbox 537 359 643 384; x_wconf 90' lang='lat' dir='ltr'>more</span> <span class='ocrx_word' id='word_1_34' title='bbox 664 346 918 384; x_wconf 68' lang='lat' dir='ltr'>Graecei-um:</span> <span class='ocrx_word' id='word_1_35' title='bbox 947 348 986 383; x_wconf 87' lang='lat' dir='ltr'>in</span> <span class='ocrx_word' id='word_1_36' title='bbox 1007 348 1062 385; x_wconf 88' lang='lat' dir='ltr'>eis</span> <span class='ocrx_word' id='word_1_37' title='bbox 1077 361 1099 385; x_wconf 86' lang='lat' dir='ltr'>a</span> <span class='ocrx_word' id='word_1_38' title='bbox 1121 347 1289 394; x_wconf 83' lang='lat' dir='ltr'>Socrate,</span> <span class='ocrx_word' id='word_1_39' title='bbox 1311 349 1358 385; x_wconf 89' lang='lat' dir='ltr'>de</span> 
     </span>
     <span class='ocr_line' id='line_1_6' title="bbox 171 399 1360 450; baseline 0.002 -14"><span class='ocrx_word' id='word_1_40' title='bbox 171 413 248 448; x_wconf 92' lang='lat' dir='ltr'>quo</span> <span class='ocrx_word' id='word_1_41' title='bbox 261 399 496 437; x_wconf 81' lang='lat' dir='ltr'>mentionem</span> <span class='ocrx_word' id='word_1_42' title='bbox 509 399 602 437; x_wconf 87' lang='lat' dir='ltr'>facit</span> <span class='ocrx_word' id='word_1_43' title='bbox 615 400 728 437; x_wconf 86' lang='lat' dir='ltr'>Plato</span> <span class='ocrx_word' id='word_1_44' title='bbox 745 401 787 436; x_wconf 91' lang='lat' dir='ltr'>in</span> <span class='ocrx_word' id='word_1_45' title='bbox 807 400 1020 450; x_wconf 71' lang='lat' dir='ltr'>Symposio.</span> <span class='ocrx_word' id='word_1_46' title='bbox 1077 401 1256 450; x_wconf 82' lang='lat' dir='ltr'>Namque</span> <span class='ocrx_word' id='word_1_47' title='bbox 1271 414 1360 438; x_wconf 87' lang='lat' dir='ltr'>eum</span> 
     </span>
     <span class='ocr_line' id='line_1_7' title="bbox 170 452 1358 503; baseline 0.002 -14"><span class='ocrx_word' id='word_1_48' title='bbox 170 453 328 490; x_wconf 77' lang='lat' dir='ltr'>induxit</span> <span class='ocrx_word' id='word_1_49' title='bbox 355 459 726 497; x_wconf 80' lang='lat' dir='ltr'>commemorantem,</span> <span class='ocrx_word' id='word_1_50' title='bbox 747 466 784 489; x_wconf 81' lang='lat' dir='ltr'>se</span> <span class='ocrx_word' id='word_1_51' title='bbox 805 452 1052 503; x_wconf 53' lang='lat' dir='ltr'>pernoctasse</span> <span class='ocrx_word' id='word_1_52' title='bbox 1076 467 1163 491; x_wconf 80' lang='lat' dir='ltr'>cum</span> <span class='ocrx_word' id='word_1_53' title='bbox 1187 455 1358 498; x_wconf 82' lang='lat' dir='ltr'>Socrate,</span> 
     </span>
     <span class='ocr_line' id='line_1_8' title="bbox 170 506 1358 557; baseline 0.003 -15"><span class='ocrx_word' id='word_1_54' title='bbox 170 518 292 555; x_wconf 76' lang='lat' dir='ltr'>neque</span> <span class='ocrx_word' id='word_1_55' title='bbox 307 506 419 543; x_wconf 80' lang='lat' dir='ltr'>aliter</span> <span class='ocrx_word' id='word_1_56' title='bbox 433 506 483 543; x_wconf 84' lang='lat' dir='ltr'>ab</span> <span class='ocrx_word' id='word_1_57' title='bbox 499 520 540 543; x_wconf 82' lang='lat' dir='ltr'>eo</span> <span class='ocrx_word' id='word_1_58' title='bbox 553 508 762 544; x_wconf 69' lang='lat' dir='ltr'>surrexisse</span> <span class='ocrx_word' id='word_1_59' title='bbox 777 506 950 556; x_wconf 76' lang='lat' dir='ltr'>acfilius</span> <span class='ocrx_word' id='word_1_60' title='bbox 964 520 988 543; x_wconf 87' lang='grc' dir='ltr'><em>α</em></span> <span class='ocrx_word' id='word_1_61' title='bbox 998 514 1163 557; x_wconf 75' lang='lat' dir='ltr'>parente</span> <span class='ocrx_word' id='word_1_62' title='bbox 1176 507 1358 545; x_wconf 75' lang='lat' dir='ltr'>debuerit.</span> 
     </span>
     <span class='ocr_line' id='line_1_9' title="bbox 170 560 1360 608; baseline 0.001 -11"><span class='ocrx_word' id='word_1_63' title='bbox 170 560 426 608; x_wconf 81' lang='lat' dir='ltr'>Posteaquam</span> <span class='ocrx_word' id='word_1_64' title='bbox 458 561 652 598; x_wconf 85' lang='lat' dir='ltr'>robustior</span> <span class='ocrx_word' id='word_1_65' title='bbox 685 566 742 597; x_wconf 88' lang='lat' dir='ltr'>est</span> <span class='ocrx_word' id='word_1_66' title='bbox 780 560 918 604; x_wconf 87' lang='lat' dir='ltr'>factus,</span> <span class='ocrx_word' id='word_1_67' title='bbox 950 574 1027 597; x_wconf 85' lang='lat' dir='ltr'>non</span> <span class='ocrx_word' id='word_1_68' title='bbox 1055 561 1183 598; x_wconf 90' lang='lat' dir='ltr'>minus</span> <span class='ocrx_word' id='word_1_69' title='bbox 1219 562 1360 599; x_wconf 89' lang='lat' dir='ltr'>multos</span> 
     </span>
     <span class='ocr_line' id='line_1_10' title="bbox 171 614 1361 662; baseline 0.002 -12"><span class='ocrx_word' id='word_1_70' title='bbox 171 614 329 660; x_wconf 87' lang='lat' dir='ltr'>amavit,</span> <span class='ocrx_word' id='word_1_71' title='bbox 355 614 396 650; x_wconf 89' lang='lat' dir='ltr'>in</span> <span class='ocrx_word' id='word_1_72' title='bbox 425 626 590 662; x_wconf 89' lang='lat' dir='ltr'>quorum</span> <span class='ocrx_word' id='word_1_73' title='bbox 623 626 763 660; x_wconf 78' lang='lat' dir='ltr'>amore,</span> <span class='ocrx_word' id='word_1_74' title='bbox 795 615 920 661; x_wconf 81' lang='lat' dir='ltr'>quoad</span> <span class='ocrx_word' id='word_1_75' title='bbox 952 614 1102 651; x_wconf 88' lang='lat' dir='ltr'>licitum</span> <span class='ocrx_word' id='word_1_76' title='bbox 1134 620 1203 659; x_wconf 89' lang='lat' dir='ltr'>est,</span> <span class='ocrx_word' id='word_1_77' title='bbox 1231 615 1361 652; x_wconf 83' lang='lat' dir='ltr'>odiosa</span> 
     </span>
     <span class='ocr_line' id='line_1_11' title="bbox 171 667 1362 716; baseline 0.002 -13"><span class='ocrx_word' id='word_1_78' title='bbox 171 668 294 705; x_wconf 87' lang='lat' dir='ltr'>multa</span> <span class='ocrx_word' id='word_1_79' title='bbox 325 668 498 712; x_wconf 85' lang='lat' dir='ltr'>delicate,</span> <span class='ocrx_word' id='word_1_80' title='bbox 523 667 730 716; x_wconf 87' lang='lat' dir='ltr'>joeoseque</span> <span class='ocrx_word' id='word_1_81' title='bbox 759 667 866 705; x_wconf 85' lang='lat' dir='ltr'>fecit:</span> <span class='ocrx_word' id='word_1_82' title='bbox 895 679 990 715; x_wconf 83' lang='lat' dir='ltr'>quae</span> <span class='ocrx_word' id='word_1_83' title='bbox 1019 668 1264 715; x_wconf 83' lang='lat' dir='ltr'>referremus,</span> <span class='ocrx_word' id='word_1_84' title='bbox 1285 668 1362 712; x_wconf 82' lang='lat' dir='ltr'>nisi</span> 
     </span>
     <span class='ocr_line' id='line_1_12' title="bbox 170 720 818 771; baseline -0.002 -13"><span class='ocrx_word' id='word_1_85' title='bbox 170 720 317 770; x_wconf 84' lang='lat' dir='ltr'>majora</span> <span class='ocrx_word' id='word_1_86' title='bbox 334 722 559 771; x_wconf 83' lang='lat' dir='ltr'>potioraque</span> <span class='ocrx_word' id='word_1_87' title='bbox 578 722 818 759; x_wconf 86' lang='lat' dir='ltr'>haberemus.</span> 
     </span>
    </p>
   </div>
   <div class='ocr_carea' id='block_1_3' title="bbox 172 893 1362 998">
    <p class='ocr_par' dir='ltr' id='par_1_3' title="bbox 172 893 1362 998">
     <span class='ocr_line' id='line_1_13' title="bbox 172 893 1362 944; baseline 0.001 -12"><span class='ocrx_word' id='word_1_88' title='bbox 172 893 271 933; x_wconf 83' lang='lat' dir='ltr'>CAP.</span> <span class='ocrx_word' id='word_1_89' title='bbox 293 894 372 932; x_wconf 83' lang='lat'>111.</span> <span class='ocrx_word' id='word_1_90' title='bbox 430 894 535 931; x_wconf 75' lang='lat' dir='ltr'>Belli</span> <span class='ocrx_word' id='word_1_91' title='bbox 560 894 640 931; x_wconf 64' lang='lat' dir='ltr'>dum</span> <span class='ocrx_word' id='word_1_92' title='bbox 665 894 888 931; x_wconf 79' lang='lat' dir='ltr'>Alcibiades</span> <span class='ocrx_word' id='word_1_93' title='bbox 915 901 1051 931; x_wconf 81' lang='lat' dir='ltr'>contra</span> <span class='ocrx_word' id='word_1_94' title='bbox 1085 894 1302 944; x_wconf 80' lang='lat' dir='ltr'>Syracusas</span> <span class='ocrx_word' id='word_1_95' title='bbox 1320 897 1362 933; x_wconf 81' lang='lat' dir='ltr'>in</span> 
     </span>
     <span class='ocr_line' id='line_1_14' title="bbox 570 948 952 998; baseline 0 -14"><span class='ocrx_word' id='word_1_96' title='bbox 570 948 821 998; x_wconf 73' lang='lat' dir='ltr'>suspicionem</span> <span class='ocrx_word' id='word_1_97' title='bbox 839 948 952 985; x_wconf 72' lang='lat' dir='ltr'>venit.</span> 
     </span>
    </p>
   </div>
   <div class='ocr_carea' id='block_1_4' title="bbox 170 1033 1363 2357">
    <p class='ocr_par' dir='ltr' id='par_1_4' title="bbox 170 1033 1363 2357">
     <span class='ocr_line' id='line_1_15' title="bbox 226 1033 1360 1085; baseline 0.004 -15"><span class='ocrx_word' id='word_1_98' title='bbox 226 1033 366 1071; x_wconf 78' lang='lat' dir='ltr'>BELLO</span> <span class='ocrx_word' id='word_1_99' title='bbox 392 1034 727 1082; x_wconf 80' lang='lat' dir='ltr'>Peloponnesiaco,</span> <span class='ocrx_word' id='word_1_100' title='bbox 745 1034 861 1082; x_wconf 87' lang='lat' dir='ltr'>hujus</span> <span class='ocrx_word' id='word_1_101' title='bbox 879 1035 1041 1073; x_wconf 88' lang='lat' dir='ltr'>consilio</span> <span class='ocrx_word' id='word_1_102' title='bbox 1059 1041 1174 1085; x_wconf 88' lang='lat' dir='ltr'>atque</span> <span class='ocrx_word' id='word_1_103' title='bbox 1193 1037 1360 1074; x_wconf 81' lang='lat' dir='ltr'>auctori-</span> 
     </span>
     <span class='ocr_line' id='line_1_16' title="bbox 171 1087 1362 1137; baseline 0.001 -11"><span class='ocrx_word' id='word_1_104' title='bbox 171 1095 252 1126; x_wconf 88' lang='lat' dir='ltr'>tate</span> <span class='ocrx_word' id='word_1_105' title='bbox 282 1089 544 1125; x_wconf 86' lang='lat' dir='ltr'>Athenienses</span> <span class='ocrx_word' id='word_1_106' title='bbox 580 1088 723 1125; x_wconf 90' lang='lat' dir='ltr'>bellum</span> <span class='ocrx_word' id='word_1_107' title='bbox 761 1087 1012 1137; x_wconf 74' lang='lat' dir='ltr'>Syracusanis</span> <span class='ocrx_word' id='word_1_108' title='bbox 1040 1089 1284 1127; x_wconf 78' lang='lat' dir='ltr'>indixerunt:</span> <span class='ocrx_word' id='word_1_109' title='bbox 1312 1091 1362 1127; x_wconf 88' lang='lat' dir='ltr'>ad</span> 
     </span>
     <span class='ocr_line' id='line_1_17' title="bbox 171 1140 1362 1192; baseline 0.002 -13"><span class='ocrx_word' id='word_1_110' title='bbox 171 1142 276 1192; x_wconf 88' lang='lat' dir='ltr'>quod</span> <span class='ocrx_word' id='word_1_111' title='bbox 301 1143 512 1190; x_wconf 85' lang='lat' dir='ltr'>gerendum</span> <span class='ocrx_word' id='word_1_112' title='bbox 532 1143 615 1189; x_wconf 84' lang='lat' dir='ltr'>ipse</span> <span class='ocrx_word' id='word_1_113' title='bbox 634 1142 714 1178; x_wconf 73' lang='lat' dir='ltr'>dux</span> <span class='ocrx_word' id='word_1_114' title='bbox 734 1142 903 1179; x_wconf 81' lang='lat' dir='ltr'>delectus</span> <span class='ocrx_word' id='word_1_115' title='bbox 930 1148 1000 1179; x_wconf 84' lang='lat' dir='ltr'>est.</span> <span class='ocrx_word' id='word_1_116' title='bbox 1056 1140 1144 1180; x_wconf 91' lang='lat' dir='ltr'>Duo</span> <span class='ocrx_word' id='word_1_117' title='bbox 1163 1150 1362 1192; x_wconf 86' lang='lat' dir='ltr'>praeterea</span> 
     </span>
     <span class='ocr_line' id='line_1_18' title="bbox 171 1195 1360 1246; baseline 0.001 -13"><span class='ocrx_word' id='word_1_118' title='bbox 171 1196 341 1245; x_wconf 82' lang='lat' dir='ltr'>collegae</span> <span class='ocrx_word' id='word_1_119' title='bbox 360 1196 450 1240; x_wconf 85' lang='lat' dir='ltr'>dati,</span> <span class='ocrx_word' id='word_1_120' title='bbox 468 1195 603 1232; x_wconf 85' lang='lat' dir='ltr'>Nicias</span> <span class='ocrx_word' id='word_1_121' title='bbox 619 1203 656 1232; x_wconf 91' lang='lat' dir='ltr'>et</span> <span class='ocrx_word' id='word_1_122' title='bbox 676 1195 903 1233; x_wconf 84' lang='lat' dir='ltr'>Lamachus.</span> <span class='ocrx_word' id='word_1_123' title='bbox 960 1196 1006 1232; x_wconf 86' lang='lat' dir='ltr'>Id</span> <span class='ocrx_word' id='word_1_124' title='bbox 1021 1209 1140 1245; x_wconf 90' lang='lat' dir='ltr'>quum</span> <span class='ocrx_word' id='word_1_125' title='bbox 1155 1210 1360 1246; x_wconf 89' lang='lat' dir='ltr'>apparare-</span> 
     </span>
     <span class='ocr_line' id='line_1_19' title="bbox 172 1248 1360 1298; baseline 0.003 -13"><span class='ocrx_word' id='word_1_126' title='bbox 172 1256 247 1294; x_wconf 88' lang='lat' dir='ltr'>tur,</span> <span class='ocrx_word' id='word_1_127' title='bbox 282 1249 390 1298; x_wconf 92' lang='lat' dir='ltr'>prius</span> <span class='ocrx_word' id='word_1_128' title='bbox 419 1262 534 1298; x_wconf 87' lang='lat' dir='ltr'>quam</span> <span class='ocrx_word' id='word_1_129' title='bbox 565 1249 696 1286; x_wconf 81' lang='lat' dir='ltr'>classis</span> <span class='ocrx_word' id='word_1_130' title='bbox 729 1249 866 1294; x_wconf 82' lang='lat' dir='ltr'>exiret,</span> <span class='ocrx_word' id='word_1_131' title='bbox 899 1250 1038 1286; x_wconf 78' lang='lat' dir='ltr'>accidit</span> <span class='ocrx_word' id='word_1_132' title='bbox 1070 1255 1113 1286; x_wconf 91' lang='lat' dir='ltr'>ut</span> <span class='ocrx_word' id='word_1_133' title='bbox 1142 1248 1220 1288; x_wconf 63' lang='lat' dir='ltr'>una</span> <span class='ocrx_word' id='word_1_134' title='bbox 1247 1257 1360 1289; x_wconf 89' lang='lat' dir='ltr'>nocte</span> 
     </span>
     <span class='ocr_line' id='line_1_20' title="bbox 173 1302 1360 1351; baseline 0.001 -11"><span class='ocrx_word' id='word_1_135' title='bbox 173 1315 305 1340; x_wconf 90' lang='lat' dir='ltr'>omnes</span> <span class='ocrx_word' id='word_1_136' title='bbox 326 1302 506 1347; x_wconf 78' lang='lat' dir='ltr'>Hermae,</span> <span class='ocrx_word' id='word_1_137' title='bbox 523 1303 592 1351; x_wconf 90' lang='lat' dir='ltr'>qui</span> <span class='ocrx_word' id='word_1_138' title='bbox 606 1303 647 1338; x_wconf 88' lang='lat' dir='ltr'>in</span> <span class='ocrx_word' id='word_1_139' title='bbox 668 1303 808 1351; x_wconf 86' lang='lat' dir='ltr'>oppido</span> <span class='ocrx_word' id='word_1_140' title='bbox 828 1310 938 1340; x_wconf 84' lang='lat' dir='ltr'>erant</span> <span class='ocrx_word' id='word_1_141' title='bbox 957 1303 1128 1341; x_wconf 88' lang='lat' dir='ltr'>Athenis</span> <span class='ocrx_word' id='word_1_142' title='bbox 1148 1303 1360 1351; x_wconf 88' lang='lat' dir='ltr'>dejiceren-</span> 
     </span>
     <span class='ocr_line' id='line_1_21' title="bbox 172 1355 1359 1404; baseline 0.002 -11"><span class='ocrx_word' id='word_1_143' title='bbox 172 1357 256 1400; x_wconf 87' lang='lat' dir='ltr'>tur‚&#39;</span> <span class='ocrx_word' id='word_1_144' title='bbox 277 1362 430 1404; x_wconf 88' lang='lat' dir='ltr'>praeter</span> <span class='ocrx_word' id='word_1_145' title='bbox 460 1369 592 1401; x_wconf 86' lang='lat' dir='ltr'>unum,</span> <span class='ocrx_word' id='word_1_146' title='bbox 622 1357 688 1404; x_wconf 88' lang='lat' dir='ltr'>qui</span> <span class='ocrx_word' id='word_1_147' title='bbox 718 1362 808 1393; x_wconf 85' lang='lat' dir='ltr'>ante</span> <span class='ocrx_word' id='word_1_148' title='bbox 832 1355 993 1404; x_wconf 80' lang='lat' dir='ltr'>januam</span> <span class='ocrx_word' id='word_1_149' title='bbox 1023 1357 1237 1394; x_wconf 87' lang='lat' dir='ltr'>Andocidis</span> <span class='ocrx_word' id='word_1_150' title='bbox 1265 1364 1359 1403; x_wconf 87' lang='lat' dir='ltr'>erat,</span> 
     </span>
     <span class='ocr_line' id='line_1_22' title="bbox 172 1407 1359 1460; baseline 0.002 -14"><span class='ocrx_word' id='word_1_151' title='bbox 172 1407 458 1458; x_wconf 73' lang='lat' dir='ltr'>Andocidisque</span> <span class='ocrx_word' id='word_1_152' title='bbox 468 1409 631 1445; x_wconf 80' lang='lat' dir='ltr'>Hermes</span> <span class='ocrx_word' id='word_1_153' title='bbox 640 1416 796 1447; x_wconf 82' lang='lat' dir='ltr'>vocatus</span> <span class='ocrx_word' id='word_1_154' title='bbox 809 1416 881 1447; x_wconf 84' lang='lat' dir='ltr'>est.</span> <span class='ocrx_word' id='word_1_155' title='bbox 916 1410 1002 1447; x_wconf 87' lang='lat' dir='ltr'>Hoc</span> <span class='ocrx_word' id='word_1_156' title='bbox 1014 1423 1134 1459; x_wconf 89' lang='lat' dir='ltr'>quum</span> <span class='ocrx_word' id='word_1_157' title='bbox 1146 1417 1359 1460; x_wconf 83' lang='lat' dir='ltr'>appareret,</span> 
     </span>
     <span class='ocr_line' id='line_1_23' title="bbox 172 1463 1361 1512; baseline 0.002 -12"><span class='ocrx_word' id='word_1_158' title='bbox 172 1476 251 1500; x_wconf 89' lang='lat' dir='ltr'>non</span> <span class='ocrx_word' id='word_1_159' title='bbox 283 1464 366 1500; x_wconf 87' lang='lat' dir='ltr'>sine</span> <span class='ocrx_word' id='word_1_160' title='bbox 399 1466 540 1512; x_wconf 70' lang='lat' dir='ltr'>magna</span> <span class='ocrx_word' id='word_1_161' title='bbox 571 1463 779 1500; x_wconf 86' lang='lat' dir='ltr'>multorum</span> <span class='ocrx_word' id='word_1_162' title='bbox 814 1464 1064 1501; x_wconf 83' lang='lat' dir='ltr'>consensione</span> <span class='ocrx_word' id='word_1_163' title='bbox 1091 1476 1174 1501; x_wconf 89' lang='lat' dir='ltr'>esse</span> <span class='ocrx_word' id='word_1_164' title='bbox 1202 1464 1361 1507; x_wconf 79' lang='lat' dir='ltr'>factum,</span> 
     </span>
     <span class='ocr_line' id='line_1_24' title="bbox 172 1517 1359 1567; baseline 0.002 -14"><span class='ocrx_word' id='word_1_165' title='bbox 172 1517 273 1565; x_wconf 89' lang='lat' dir='ltr'>quod</span> <span class='ocrx_word' id='word_1_166' title='bbox 292 1529 368 1553; x_wconf 90' lang='lat' dir='ltr'>non</span> <span class='ocrx_word' id='word_1_167' title='bbox 388 1517 435 1553; x_wconf 90' lang='lat' dir='ltr'>ad</span> <span class='ocrx_word' id='word_1_168' title='bbox 456 1517 645 1565; x_wconf 80' lang='lat' dir='ltr'>privatam</span> <span class='ocrx_word' id='word_1_169' title='bbox 666 1518 732 1554; x_wconf 90' lang='lat' dir='ltr'>sed</span> <span class='ocrx_word' id='word_1_170' title='bbox 752 1517 799 1554; x_wconf 84' lang='lat' dir='ltr'>ad</span> <span class='ocrx_word' id='word_1_171' title='bbox 819 1517 1012 1565; x_wconf 86' lang='lat' dir='ltr'>publicam</span> <span class='ocrx_word' id='word_1_172' title='bbox 1036 1530 1118 1555; x_wconf 89' lang='lat' dir='ltr'>rem</span> <span class='ocrx_word' id='word_1_173' title='bbox 1137 1518 1359 1567; x_wconf 85' lang='lat' dir='ltr'>pertineret,</span> 
     </span>
     <span class='ocr_line' id='line_1_25' title="bbox 171 1570 1361 1620; baseline 0.001 -13"><span class='ocrx_word' id='word_1_174' title='bbox 171 1583 334 1620; x_wconf 83' lang='lat' dir='ltr'>magnus</span> <span class='ocrx_word' id='word_1_175' title='bbox 363 1570 601 1607; x_wconf 83' lang='lat' dir='ltr'>multitudini</span> <span class='ocrx_word' id='word_1_176' title='bbox 629 1571 744 1607; x_wconf 89' lang='lat' dir='ltr'>timor</span> <span class='ocrx_word' id='word_1_177' title='bbox 770 1578 828 1608; x_wconf 52' lang='lat' dir='ltr'>est&gt;</span> <span class='ocrx_word' id='word_1_178' title='bbox 855 1570 1031 1619; x_wconf 86' lang='lat' dir='ltr'>injectus,</span> <span class='ocrx_word' id='word_1_179' title='bbox 1053 1584 1101 1608; x_wconf 93' lang='lat' dir='ltr'>ne</span> <span class='ocrx_word' id='word_1_180' title='bbox 1119 1583 1196 1619; x_wconf 90' lang='lat' dir='ltr'>qua</span> <span class='ocrx_word' id='word_1_181' title='bbox 1222 1584 1361 1620; x_wconf 83' lang='lat' dir='ltr'>repen-</span> 
     </span>
     <span class='ocr_line' id='line_1_26' title="bbox 171 1624 1361 1673; baseline 0.003 -13"><span class='ocrx_word' id='word_1_182' title='bbox 171 1625 254 1661; x_wconf 81' lang='lat' dir='ltr'>tina</span> <span class='ocrx_word' id='word_1_183' title='bbox 274 1624 335 1662; x_wconf 87' lang='lat' dir='ltr'>vis</span> <span class='ocrx_word' id='word_1_184' title='bbox 353 1624 394 1660; x_wconf 90' lang='lat' dir='ltr'>in</span> <span class='ocrx_word' id='word_1_185' title='bbox 413 1624 571 1661; x_wconf 84' lang='lat' dir='ltr'>civitate</span> <span class='ocrx_word' id='word_1_186' title='bbox 590 1625 787 1668; x_wconf 79' lang='lat' dir='ltr'>existeret,</span> <span class='ocrx_word' id='word_1_187' title='bbox 808 1637 905 1672; x_wconf 89' lang='lat' dir='ltr'>quae</span> <span class='ocrx_word' id='word_1_188' title='bbox 932 1624 1150 1661; x_wconf 86' lang='lat' dir='ltr'>libertatem</span> <span class='ocrx_word' id='word_1_189' title='bbox 1169 1626 1361 1673; x_wconf 86' lang='lat' dir='ltr'>opprime-</span> 
     </span>
     <span class='ocr_line' id='line_1_27' title="bbox 171 1677 1362 1727; baseline 0.001 -13"><span class='ocrx_word' id='word_1_190' title='bbox 171 1685 231 1715; x_wconf 88' lang='lat' dir='ltr'>ret</span> <span class='ocrx_word' id='word_1_191' title='bbox 268 1678 415 1727; x_wconf 85' lang='lat' dir='ltr'>populi.</span> <span class='ocrx_word' id='word_1_192' title='bbox 472 1677 557 1715; x_wconf 87' lang='lat' dir='ltr'>Hoc</span> <span class='ocrx_word' id='word_1_193' title='bbox 594 1677 763 1714; x_wconf 80' lang='lat' dir='ltr'>maxime</span> <span class='ocrx_word' id='word_1_194' title='bbox 799 1678 1006 1715; x_wconf 77' lang='lat' dir='ltr'>convenire</span> <span class='ocrx_word' id='word_1_195' title='bbox 1042 1678 1082 1713; x_wconf 93' lang='lat' dir='ltr'>in</span> <span class='ocrx_word' id='word_1_196' title='bbox 1116 1678 1362 1715; x_wconf 82' lang='lat' dir='ltr'>Alcibiadem</span> 
     </span>
     <span class='ocr_line' id='line_1_28' title="bbox 171 1730 1360 1781; baseline 0.002 -13"><span class='ocrx_word' id='word_1_197' title='bbox 171 1732 388 1775; x_wconf 87' lang='lat' dir='ltr'>videbatur,</span> <span class='ocrx_word' id='word_1_198' title='bbox 409 1732 509 1778; x_wconf 87' lang='lat' dir='ltr'>quod</span> <span class='ocrx_word' id='word_1_199' title='bbox 529 1738 566 1768; x_wconf 85' lang='lat' dir='ltr'>et</span> <span class='ocrx_word' id='word_1_200' title='bbox 594 1732 787 1780; x_wconf 81' lang='lat' dir='ltr'>potentior</span> <span class='ocrx_word' id='word_1_201' title='bbox 815 1738 854 1768; x_wconf 86' lang='lat' dir='ltr'>et</span> <span class='ocrx_word' id='word_1_202' title='bbox 881 1730 1002 1779; x_wconf 79' lang='lat' dir='ltr'>major</span> <span class='ocrx_word' id='word_1_203' title='bbox 1029 1744 1145 1780; x_wconf 87' lang='lat' dir='ltr'>quam</span> <span class='ocrx_word' id='word_1_204' title='bbox 1172 1732 1360 1781; x_wconf 85' lang='lat' dir='ltr'>privatus,</span> 
     </span>
     <span class='ocr_line' id='line_1_29' title="bbox 172 1784 1362 1832; baseline 0.001 -10"><span class='ocrx_word' id='word_1_205' title='bbox 172 1785 483 1822; x_wconf 82' lang='lat' dir='ltr'>existimabatur.</span> <span class='ocrx_word' id='word_1_206' title='bbox 538 1784 686 1822; x_wconf 86' lang='lat' dir='ltr'>Multos</span> <span class='ocrx_word' id='word_1_207' title='bbox 715 1785 818 1822; x_wconf 90' lang='lat' dir='ltr'>enim</span> <span class='ocrx_word' id='word_1_208' title='bbox 854 1785 1086 1822; x_wconf 81' lang='lat' dir='ltr'>liberalitate</span> <span class='ocrx_word' id='word_1_209' title='bbox 1117 1786 1362 1832; x_wconf 83' lang='lat' dir='ltr'>devinxerat,</span> 
     </span>
     <span class='ocr_line' id='line_1_30' title="bbox 170 1838 1362 1887; baseline 0.002 -13"><span class='ocrx_word' id='word_1_210' title='bbox 170 1839 302 1887; x_wconf 88' lang='lat' dir='ltr'>plures</span> <span class='ocrx_word' id='word_1_211' title='bbox 338 1839 453 1876; x_wconf 88' lang='lat' dir='ltr'>etiam</span> <span class='ocrx_word' id='word_1_212' title='bbox 489 1841 606 1887; x_wconf 70' lang='lat' dir='ltr'>opera</span> <span class='ocrx_word' id='word_1_213' title='bbox 638 1838 781 1875; x_wconf 86' lang='lat' dir='ltr'>forensi</span> <span class='ocrx_word' id='word_1_214' title='bbox 818 1851 907 1875; x_wconf 89' lang='lat' dir='ltr'>suos</span> <span class='ocrx_word' id='word_1_215' title='bbox 942 1838 1173 1876; x_wconf 86' lang='lat' dir='ltr'>reddiderat.</span> <span class='ocrx_word' id='word_1_216' title='bbox 1232 1838 1362 1884; x_wconf 81' lang='lat' dir='ltr'>Quare</span> 
     </span>
     <span class='ocr_line' id='line_1_31' title="bbox 171 1892 1363 1941; baseline 0.002 -13"><span class='ocrx_word' id='word_1_217' title='bbox 171 1893 299 1935; x_wconf 81' lang='lat' dir='ltr'>fiebat,</span> <span class='ocrx_word' id='word_1_218' title='bbox 330 1898 373 1929; x_wconf 85' lang='lat' dir='ltr'>ut</span> <span class='ocrx_word' id='word_1_219' title='bbox 403 1893 576 1929; x_wconf 90' lang='lat' dir='ltr'>omnium</span> <span class='ocrx_word' id='word_1_220' title='bbox 604 1892 744 1937; x_wconf 87' lang='lat' dir='ltr'>oculos,</span> <span class='ocrx_word' id='word_1_221' title='bbox 774 1892 1077 1941; x_wconf 87' lang='lat' dir='ltr'>quotiescunque</span> <span class='ocrx_word' id='word_1_222' title='bbox 1095 1892 1136 1928; x_wconf 86' lang='lat' dir='ltr'>in</span> <span class='ocrx_word' id='word_1_223' title='bbox 1163 1892 1363 1941; x_wconf 87' lang='lat' dir='ltr'>publicum</span> 
     </span>
     <span class='ocr_line' id='line_1_32' title="bbox 172 1946 1361 1995; baseline 0.003 -14"><span class='ocrx_word' id='word_1_224' title='bbox 172 1946 389 1993; x_wconf 83' lang='lat' dir='ltr'>prodiisset,</span> <span class='ocrx_word' id='word_1_225' title='bbox 421 1946 470 1982; x_wconf 86' lang='lat' dir='ltr'>ad</span> <span class='ocrx_word' id='word_1_226' title='bbox 500 1958 540 1983; x_wconf 91' lang='lat' dir='ltr'>se</span> <span class='ocrx_word' id='word_1_227' title='bbox 571 1952 825 1990; x_wconf 85' lang='lat' dir='ltr'>converteret,</span> <span class='ocrx_word' id='word_1_228' title='bbox 849 1957 973 1993; x_wconf 88' lang='lat' dir='ltr'>neque</span> <span class='ocrx_word' id='word_1_229' title='bbox 999 1946 1035 1982; x_wconf 89' lang='lat' dir='ltr'>ei</span> <span class='ocrx_word' id='word_1_230' title='bbox 1062 1958 1132 1994; x_wconf 89' lang='lat' dir='ltr'>par</span> <span class='ocrx_word' id='word_1_231' title='bbox 1159 1946 1361 1995; x_wconf 85' lang='lat' dir='ltr'>quisquam</span> 
     </span>
     <span class='ocr_line' id='line_1_33' title="bbox 172 1998 1362 2048; baseline 0.002 -13"><span class='ocrx_word' id='word_1_232' title='bbox 172 1999 214 2035; x_wconf 88' lang='lat' dir='ltr'>in</span> <span class='ocrx_word' id='word_1_233' title='bbox 234 1999 392 2036; x_wconf 84' lang='lat' dir='ltr'>civitate</span> <span class='ocrx_word' id='word_1_234' title='bbox 425 2008 647 2048; x_wconf 89' lang='lat' dir='ltr'>poneretur.</span> <span class='ocrx_word' id='word_1_235' title='bbox 703 1999 840 2047; x_wconf 83' lang='lat' dir='ltr'>Itaque</span> <span class='ocrx_word' id='word_1_236' title='bbox 871 2011 948 2035; x_wconf 89' lang='lat' dir='ltr'>non</span> <span class='ocrx_word' id='word_1_237' title='bbox 974 1998 1097 2036; x_wconf 83' lang='lat' dir='ltr'>solum</span> <span class='ocrx_word' id='word_1_238' title='bbox 1130 1999 1171 2035; x_wconf 90' lang='lat' dir='ltr'>in</span> <span class='ocrx_word' id='word_1_239' title='bbox 1191 2012 1235 2037; x_wconf 92' lang='lat' dir='ltr'>eo</span> <span class='ocrx_word' id='word_1_240' title='bbox 1255 2012 1362 2048; x_wconf 89' lang='lat' dir='ltr'>spem</span> 
     </span>
     <span class='ocr_line' id='line_1_34' title="bbox 172 2052 1363 2102; baseline 0.002 -13"><span class='ocrx_word' id='word_1_241' title='bbox 172 2053 368 2090; x_wconf 86' lang='lat' dir='ltr'>habebant</span> <span class='ocrx_word' id='word_1_242' title='bbox 387 2053 607 2097; x_wconf 81' lang='lat' dir='ltr'>maximam,</span> <span class='ocrx_word' id='word_1_243' title='bbox 625 2053 691 2089; x_wconf 89' lang='lat' dir='ltr'>sed</span> <span class='ocrx_word' id='word_1_244' title='bbox 709 2053 826 2090; x_wconf 81' lang='lat' dir='ltr'>etiam</span> <span class='ocrx_word' id='word_1_245' title='bbox 845 2052 1033 2098; x_wconf 86' lang='lat' dir='ltr'>timorem,</span> <span class='ocrx_word' id='word_1_246' title='bbox 1050 2053 1152 2102; x_wconf 90' lang='lat' dir='ltr'>quod</span> <span class='ocrx_word' id='word_1_247' title='bbox 1171 2059 1209 2090; x_wconf 87' lang='lat' dir='ltr'>et</span> <span class='ocrx_word' id='word_1_248' title='bbox 1229 2054 1363 2091; x_wconf 89' lang='lat' dir='ltr'>obesse</span> 
     </span>
     <span class='ocr_line' id='line_1_35' title="bbox 172 2106 1361 2155; baseline 0.002 -13"><span class='ocrx_word' id='word_1_249' title='bbox 172 2106 383 2155; x_wconf 87' lang='lat' dir='ltr'>plurimum</span> <span class='ocrx_word' id='word_1_250' title='bbox 413 2112 451 2143; x_wconf 90' lang='lat' dir='ltr'>et</span> <span class='ocrx_word' id='word_1_251' title='bbox 484 2107 663 2155; x_wconf 88' lang='lat' dir='ltr'>prodesse</span> <span class='ocrx_word' id='word_1_252' title='bbox 699 2111 863 2155; x_wconf 85' lang='lat' dir='ltr'>poterat.</span> <span class='ocrx_word' id='word_1_253' title='bbox 919 2106 1213 2155; x_wconf 83' lang='lat' dir='ltr'>Aspergebatur</span> <span class='ocrx_word' id='word_1_254' title='bbox 1245 2108 1361 2145; x_wconf 86' lang='lat' dir='ltr'>etiam</span> 
     </span>
     <span class='ocr_line' id='line_1_36' title="bbox 171 2156 1362 2209; baseline 0.001 -13"><span class='ocrx_word' id='word_1_255' title='bbox 171 2156 342 2204; x_wconf 64' lang='lat' dir='ltr'>infamia,</span> <span class='ocrx_word' id='word_1_256' title='bbox 365 2160 464 2207; x_wconf 90' lang='lat' dir='ltr'>quod</span> <span class='ocrx_word' id='word_1_257' title='bbox 492 2160 533 2196; x_wconf 90' lang='lat' dir='ltr'>in</span> <span class='ocrx_word' id='word_1_258' title='bbox 561 2160 672 2197; x_wconf 89' lang='lat' dir='ltr'>domo</span> <span class='ocrx_word' id='word_1_259' title='bbox 691 2157 760 2196; x_wconf 66' lang='lat' dir='ltr'>sua</span> <span class='ocrx_word' id='word_1_260' title='bbox 788 2159 914 2196; x_wconf 86' lang='lat' dir='ltr'>facere</span> <span class='ocrx_word' id='word_1_261' title='bbox 935 2160 1117 2209; x_wconf 83' lang='lat' dir='ltr'>mysteria</span> <span class='ocrx_word' id='word_1_262' title='bbox 1145 2160 1362 2203; x_wconf 89' lang='lat' dir='ltr'>dicebatur;</span> 
     </span>
     <span class='ocr_line' id='line_1_37' title="bbox 173 2212 1363 2262; baseline 0 -13"><span class='ocrx_word' id='word_1_263' title='bbox 173 2213 273 2260; x_wconf 90' lang='lat' dir='ltr'>quod</span> <span class='ocrx_word' id='word_1_264' title='bbox 302 2212 410 2250; x_wconf 88' lang='lat' dir='ltr'>nefas</span> <span class='ocrx_word' id='word_1_265' title='bbox 442 2219 525 2250; x_wconf 88' lang='lat' dir='ltr'>erat</span> <span class='ocrx_word' id='word_1_266' title='bbox 557 2225 663 2250; x_wconf 88' lang='lat' dir='ltr'>more</span> <span class='ocrx_word' id='word_1_267' title='bbox 697 2213 1012 2250; x_wconf 85' lang='lat' dir='ltr'>Atheniensium:</span> <span class='ocrx_word' id='word_1_268' title='bbox 1052 2213 1170 2262; x_wconf 83' lang='lat' dir='ltr'>idque</span> <span class='ocrx_word' id='word_1_269' title='bbox 1199 2227 1276 2251; x_wconf 90' lang='lat' dir='ltr'>non</span> <span class='ocrx_word' id='word_1_270' title='bbox 1313 2214 1363 2250; x_wconf 86' lang='lat' dir='ltr'>ad</span> 
     </span>
     <span class='ocr_line' id='line_1_38' title="bbox 173 2265 1361 2316; baseline 0.001 -14"><span class='ocrx_word' id='word_1_271' title='bbox 173 2266 409 2315; x_wconf 80' lang='lat' dir='ltr'>religionem,</span> <span class='ocrx_word' id='word_1_272' title='bbox 432 2267 496 2304; x_wconf 88' lang='lat' dir='ltr'>sed</span> <span class='ocrx_word' id='word_1_273' title='bbox 526 2267 573 2304; x_wconf 87' lang='lat' dir='ltr'>ad</span> <span class='ocrx_word' id='word_1_274' title='bbox 602 2265 918 2315; x_wconf 86' lang='lat' dir='ltr'>conjurationem,</span> <span class='ocrx_word' id='word_1_275' title='bbox 940 2267 1135 2316; x_wconf 84' lang='lat' dir='ltr'>pertinere</span> <span class='ocrx_word' id='word_1_276' title='bbox 1163 2267 1361 2306; x_wconf 81' lang='lat' dir='ltr'>existima·</span> 
     </span>
     <span class='ocr_line' id='line_1_39' title="bbox 172 2321 297 2357; baseline 0 0"><span class='ocrx_word' id='word_1_277' title='bbox 172 2321 297 2357; x_wconf 84' lang='lat' dir='ltr'>batur.</span> 
     </span>
    </p>
   </div>
  </div>
 </body>
</html>
