1496 2671
251 122 272 145 >
552 116 746 161 QUINTI
775 116 966 154 CURTII
993 119 1126 157 RUFI

249 222 346 270 ignis
364 222 510 271 fulgore
525 223 707 261 collucere
726 224 759 260 ei
779 224 855 261 visa
874 229 984 262 sunt:
1007 230 1045 263 et
1063 225 1174 274 paulo
1201 231 1285 287 post
1313 227 1427 265 Alex-

249 275 366 312 ender
381 277 517 313 adduci
537 277 612 313 ad
602 290 722 326 ipsum
742 277 782 313 in
801 291 844 314 eo
864 278 977 315 vestis
995 279 1127 317 habitu
1147 292 1221 328 quo
1238 280 1318 330 ipse
1336 276 1427 318 fuis-

247 334 327 366 set:
359 343 454 379 equo
474 330 609 367 deinde
628 344 693 380 per
710 330 941 380 Babylonem
968 338 1107 379 vectus,
1128 333 1252 370 subito
1271 347 1356 371 cum
1368 335 1425 384 ip-

252 396 292 419 5ο
313 396 410 431 equo
429 383 546 421 oculis
565 397 644 421 esse
659 385 878 422 subductus.
934 385 999 422 Ad
1017 386 1108 423 haec
1126 391 1230 425 vates
1249 388 1351 425 varia
1368 388 1427 432 in-

249 437 519 485 terpretatione
546 451 672 475 curam
700 439 996 476 distrinxerant·
989 468 997 482 ‚
1027 440 1090 476 alii
1117 440 1254 478 laetum
1284 441 1322 478 id
1349 443 1429 491 regi

251 491 436 528 somnium
465 504 544 529 esse
563 491 749 536 dicebaut,
779 492 880 540 quod
908 499 1028 530 castia
1045 493 1208 531 hostium
1237 495 1425 550 arsissent,

250 544 351 591 quod
372 545 643 590 Alexandrum,
673 546 843 594 deposita
870 546 974 594 regia
1000 551 1114 592 veste,
1144 547 1184 583 in
1212 547 1361 586 Persico
1389 556 1427 587 et

249 597 395 646 vulgari
414 598 547 636 habitu
566 599 791 660 pciductum
813 611 892 636 esse
912 599 1080 638 vidisset.
1123 600 1286 646 Quidam
1302 608 1432 641 contra

249 653 559 699 uigurabantur:
592 653 729 702 quippe
748 653 908 690 illustlia
926 653 1177 691 Macedonum
1196 661 1317 693 castra
1335 656 1424 700 11511,

250 705 431 754 fulgorem
461 707 678 743 Alexandro
706 706 958 755 portender3e
989 720 1099 756 quem
1128 720 1286 757 regnum
1313 709 1427 748 Asiae

249 766 516 808 occupaturum
536 773 625 805 esse,
656 760 757 797 haud
785 760 995 809 ambiger&
1025 761 1200 810 quoniam
1227 763 1267 798 in
1295 762 1427 801 eodem

248 813 377 850 habitu
390 814 529 851 Darius
541 814 681 858 fuisset,
703 827 843 863 quum
834 814 1041 864 appellatus
1059 821 1156 853 esset
1175 828 1252 853 rex.
1309 816 1425 854 Vete-

248 880 288 903 ra
298 880 455 928 'quoque
475 867 610 911 omina,
626 873 668 904 ut
686 868 742 911 fit,
764 867 963 905 solicitudo
982 874 1243 907 revocaverat:
1266 865 1425 908 Darium

248 921 346 956 enim
383 921 422 956 in
455 921 638 982 principio
666 922 811 971 imperii
839 922 1013 971 vaginam
1050 922 1209 960 acinacis
1239 923 1424 961 Persicam

241 974 396 1021 jussisse
424 975 560 1012 mutari
579 975 618 1011 in
638 988 717 1011 eam
738 951 908 1012 forman?
922 988 996 1024 qua
1030 975 1166 1013 Graeci
1196 981 1422 1022 uterentur;

247 1029 490 1077 protinusque
521 1028 727 1065 Chaldaeos
755 1028 1033 1078 interpretatos,
1070 1030 1268 1080 imperium
1294 1030 1425 1069 Persa-

246 1095 326 1118 rum
356 1082 402 1118 ad
432 1095 494 1119 eos
521 1083 766 1120 transiturum
795 1096 955 1132 quorum
992 1097 1094 1120 arma.
1121 1089 1217 1122 esset
1243 1084 1423 1123 imitatus.

248 1135 424 1173 Ceterum
443 1136 532 1185 ipse,
555 1142 592 1173 et
611 1143 739 1174 vatum
758 1149 936 1186 responso
964 1137 1065 1186 quod
1085 1137 1266 1176 edebatur
1283 1138 1323 1175 in
1342 1139 1424 1175 vul-

246 1203 326 1238 gus.
349 1196 386 1227 et
414 1190 534 1239 specie
554 1203 648 1239 quac
678 1203 742 1239 per
770 1203 939 1227 somnum
959 1191 1084 1228 oblata
1103 1197 1193 1238 erat,
1222 1191 1423 1230 admodum

247 1244 377 1287 laetus,
395 1252 517 1281 castra
535 1245 584 1280 ad
604 1244 825 1293 Euphraten
844 1245 985 1281 moveri
997 1245 1119 1294 jubet.

300 1296 390 1334 vn.
423 1297 551 1335 Patrio
578 1310 681 1335 more
712 1297 907 1334 Persarum
935 1298 1116 1336 traditum
1137 1303 1203 1344 est,
1234 1306 1319 1337 orto
1346 1300 1423 1337 sole

247 1351 398 1387 demum
417 1351 632 1400 procedere.
689 1351 763 1388 Die
777 1351 855 1400 jam
875 1352 1023 1397 illustri,
1046 1352 1193 1401 signum
1213 1365 1233 1389 e
1250 1353 1424 1391 taberna-

247 1405 330 1441 culo
350 1405 469 1453 Regis
488 1405 646 1442 buccina
664 1405 837 1442 dabatur.
874 1406 993 1454 Super
1011 1406 1304 1452 tabernaculum,
1324 1407 1426 1445 unde

247 1459 292 1494 ab
313 1458 484 1496 omnibus
501 1459 663 1508 conspici
683 1465 816 1507 posset,
836 1459 960 1508 imago
980 1459 1076 1496 Solis
1094 1460 1269 1510 crystallo
1283 1459 1425 1499 inclusa

249 1512 425 1560 fulgebat.
485 1512 592 1549 Ordo
620 1520 744 1550 autem
763 1512 917 1560 agminis
938 1518 1018 1550 erat
1037 1514 1136 1551 talis.
1193 1513 1298 1563 Ignis
1316 1527 1426 1564 quem

247 1567 314 1614 ipsi
341 1579 483 1603 sacrum
512 1572 549 1603 et
577 1572 762 1604 aeternum
793 1567 987 1612 vocabant,
1026 1568 1214 1616 argenteis
1246 1567 1424 1606 altaribus

246 1620 536 1668 praeferebatur.
576 1620 680 1668 Magi
700 1620 859 1670 proximi
879 1621 1039 1668 patrium
1059 1634 1207 1658 carmen
1226 1622 1422 1660 canebant.

247 1674 379 1722 Magos
399 1674 557 1711 trecenti
577 1680 614 1711 et
634 1674 828 1722 sexaginta
847 1674 1011 1723 quinque
1032 1675 1190 1723 juvenes
1217 1676 1422 1724 sequeban—

247 1738 319 1765 tur
360 1727 526 1788 puniceis
554 1727 721 1764 amiculis
748 1727 872 1772 velati,
903 1727 1033 1766 diebus
1060 1728 1176 1766 totius
1203 1729 1292 1765 anni
1303 1735 1426 1779 'pares

247 1793 430 1824 numero3
461 1781 598 1830 quippe
620 1780 742 1817 Persis
756 1794 905 1830 quoque
923 1782 963 1817 in
983 1781 1138 1819 totidem
1159 1782 1237 1819 dies
1256 1782 1420 1833 descrip-

246 1845 306 1872 tus
335 1842 392 1872 est
411 1847 544 1872 annus.
603 1833 766 1871 Currum
785 1835 922 1871 deinde
935 1835 961 1872 J
964 1849 1022 1872 oxi
1041 1842 1225 1873 sacratum
1255 1836 1421 1875 albentes

246 1889 433 1926 vehebant
451 1889 537 1937 equi
558 1902 566 1931 ;
596 1888 664 1925 1105
683 1889 839 1926 eximiae
863 1889 1132 1938 magnitudinis
1160 1903 1289 1939 equus,
1310 1903 1418 1939 quem

246 1943 341 1979 Solis
370 1942 593 1992 apellabant,
632 1943 879 1991 sequebatur;
929 1955 1061 1980 aureae
1089 1943 1218 1992 virgae
1246 1949 1284 1981 et
1312 1943 1418 1982 albae

244 2002 362 2034 vestes
381 2001 554 2044 regentes
574 2009 687 2045 equos
716 1996 959 2034 adornabant.
1015 1997 1132 2034 Haud
1158 1998 1289 2046 procul
1316 2005 1424 2036 erant

243 2050 412 2087 vehicula
430 2050 570 2095 decem,
591 2050 710 2088 multo
729 2063 820 2087 auro
836 2058 1067 2100 argentoque
1086 2051 1241 2089 caelata.
1281 2051 1420 2101 Seque-

244 2105 354 2141 batur
373 2104 464 2140 haec
492 2104 680 2152 equitatus
708 2104 905 2142 duodecim
923 2104 1092 2153 gentium
1119 2104 1227 2142 variis
1246 2105 1356 2143 armis
1384 2110 1423 2143 et

244 2158 422 2195 moribus.
461 2157 626 2194 Proximi
645 2157 749 2195 ibant
769 2170 862 2206 quos
879 2157 1013 2195 Persae
1031 2159 1253 2197 immortales
1270 2165 1417 2205 vocant,

243 2212 290 2249 ad
319 2211 446 2248 decem
464 2210 607 2254 millia;
638 2211 760 2248 cultus
788 2212 1000 2261 opulentiae
1027 2213 1207 2250 barbarae
1234 2225 1312 2250 non
1329 2212 1419 2251 alios

246 2265 364 2313 magis
389 2265 612 2302 honestabat
632 2278 640 2308 ;
670 2264 726 2301 illi
754 2278 884 2302 aureos
903 2271 1068 2315 torques,
1088 2266 1142 2303 illi
1160 2271 1300 2318 ’gestem
1327 2278 1418 2304 auro

246 2319 460 2357 distinctam
488 2318 689 2364 habebant,
717 2320 994 2368 manicatasque
1012 2320 1157 2358 tunicas
1176 2319 1332 2370 gemmis
1352 2320 1421 2357 eti-

245 2386 301 2410 am
323 2373 536 2411 adornatas.
595 2372 744 2421 Exiguo
758 2373 967 2420 intervallo,
983 2387 1075 2423 quos
1092 2374 1281 2424 Cognatos
1301 2373 1420 2423 Regis
