1496 2671
202 198 252 234 26
538 196 582 234 G.
613 196 765 235 JULII
796 197 1053 237 CAESARIS

254 302 405 340 XLIV.
435 303 661 342 Ariovistus
689 305 736 342 ad
765 306 956 353 postulata
978 305 1141 343 Czesaris
1170 318 1292 355 pauca
1310 313 1397 344 res-v

200 359 354 407 pondit3
383 357 429 408 de
450 358 530 396 suis
548 358 758 396 virtutibus
773 359 893 395 multa
914 360 1155 408 praedicavit:
1187 360 1396 398 Transisse

201 412 382 448 Rhenum
396 424 477 449 sese
493 424 567 448 non
582 414 651 449 sua
670 419 816 461 sponte,
834 413 899 449 sed
919 420 1096 461 rogatum
1109 419 1147 451 et
1167 414 1396 451 arcessitum

200 479 219 502 a
261 464 402 502 Gallis:
450 478 527 502 non
564 466 647 502 sine
686 463 823 514 magnai
861 478 928 514 spe
963 467 1191 516 magnisque
1223 467 1396 515 praemiis

199 519 354 555 domum
393 519 705 568 propinquosque
751 519 969 567 reliquisse3
1016 520 1124 557 sedes
1170 520 1312 558 habere
1349 521 1392 556 in

201 570 332 609 Gallia
360 574 409 609 ab
428 573 523 621 ipsis
555 585 772 615 concessa&
801 571 951 609 obsides
983 573 1155 621 ipsorum
1189 574 1395 611 voluntate

199 626 325 669 elatos3
341 627 576 675 stipendium
595 625 833 675 caperejure
853 627 955 669 belli,
970 627 1073 674 quod
1091 627 1258 664 victores
1278 627 1396 664 victis

198 680 397 728 imponere
417 680 657 724 consuerint3
686 692 762 716 non
792 691 876 716 sese
910 679 1046 725 Gallis,
1076 681 1144 717 sed
1165 679 1299 718 Gallos
1319 680 1397 718 sibi'

197 733 342 771 bellum
361 734 554 783 intulisse3
582 746 713 770 omnes
735 731 874 770 Gvalliae
894 733 1072 770 civitates
1100 734 1149 771 ad
1176 746 1217 771 se
1245 746 1390 783 oppug-

197 787 368 824 nandum
389 788 541 824 venisse
555 800 598 824 ac
618 792 750 823 contra
763 799 803 822 se
823 793 949 824 castra
966 787 1164 831 habuisse3
1183 799 1247 825 eas
1261 799 1397 824 omnes

198 841 327 889 copias
345 853 367 877 a
382 853 422 878 se
443 854 519 878 uno
535 840 669 889 proelio
685 839 789 877 fusas
809 852 852 877 ac
865 847 1059 889 superatas
1073 852 1172 885 esse3
1200 841 1233 878 si
1251 840 1395 878 iterum

199 895 369 943 experiri
390 895 524 939 velint,
554 894 695 931 iterum
717 900 893 941 paratum
913 906 996 931 sese
1015 894 1230 939 deeertare3
1249 894 1282 932 si
1300 892 1399 943 pac'e

198 949 255 985 uti
287 947 419 993 velint,
451 948 629 996 iniquum
661 959 744 984 esse
776 948 824 985 de
856 947 1049 996 stipendio
1081 960 1272 992 recusare,
1292 948 1396 996 quod

199 1004 269 1038 sua
297 1001 497 1039 voluntate.
518 1002 564 1038 acl
593 1001 633 1037 id
662 1009 814 1049 tempus
843 1001 1110 1050 pependerint.
1167 1001 1398 1039 Amicitiam

198 1055 334 1104 populi
356 1056 521 1092 Romani
541 1055 614 1092 sibi
635 1060 862 1092 ornamento
889 1062 927 1092 et
954 1055 1145 1104 praesidio,
1174 1067 1253 1092 non
1272 1054 1395 1092 detri-

198 1115 329 1146 mento
351 1121 432 1146 esse
461 1115 651 1158 oportere,
671 1109 788 1157 idque
817 1121 857 1146 se
888 1106 934 1146 ea
963 1121 1029 1157 spe
1048 1109 1202 1158 petisse.
1263 1108 1305 1146 Si
1326 1120 1396 1156 per

198 1163 383 1212 populum
405 1161 619 1200 Romanum
648 1162 883 1211 stipendium
911 1164 1133 1200 remittatur
1161 1169 1199 1199 et
1227 1160 1398 1199 dedititii-

199 1217 490 1262 subtrahantnr,
519 1229 595 1253 non
625 1217 754 1253 minus
790 1216 957 1253 libenter
993 1228 1077 1254 sese
1122 1221 1396 1253 recusaturum

198 1270 333 1319 populi
379 1270 544 1307 Romani
579 1270 798 1315 amicitiam,
838 1282 953 1318 quam
987 1269 1206 1318 appetierit.
1281 1267 1398 1314 Quot}

198 1324 487 1361 multitudinem
511 1322 795 1360 Germanorum
824 1323 866 1359 in
897 1321 1067 1360 Galliam
1095 1322 1334 1368 transducat,
1353 1321 1395 1358 id

200 1391 239 1415 se
261 1378 319 1414 sui
339 1377 553 1420 muniendi,
571 1389 646 1414 non
669 1375 806 1414 Galliae
822 1377 1095 1425 impugnandae
1115 1373 1231 1413 causa.
1249 1375 1399 1419 facere;

200 1431 232 1480 ej
242 1444 283 1468 us
296 1431 352 1467 rei
368 1430 632 1468 testimonium
648 1442 741 1475 esse,
759 1430 862 1478 quod
877 1430 953 1466 nisi
968 1435 1126 1479 rogatus
1141 1442 1218 1467 non
1231 1429 1396 1475 venerit,

200 1492 239 1522 et
258 1485 359 1532 quod
376 1484 519 1521 bellum
539 1496 616 1521 non
636 1484 825 1528 intulerit,
846 1483 913 1521 sed
933 1482 1162 1521 defenderit.
1220 1481 1269 1521 Se
1288 1482 1399 1530 prius

199 1540 240 1575 in
263 1537 432 1575 Galliam
452 1537 616 1581 venisse,
638 1550 754 1585 quam
775 1537 959 1586 populum
980 1537 1213 1574 Romanum.
1236 1564 1239 1567 r
1269 1536 1399 1573 Num-

201 1605 316 1642 quam
333 1597 422 1628 ante
442 1592 514 1628 hoc
533 1597 686 1639 tempus
695 1591 909 1629 exercitum
923 1591 1056 1639 populi
1069 1590 1235 1628 Romani
1257 1589 1400 1627 Galliae

200 1645 411 1695 provinciae
440 1646 536 1682 fines
555 1657 764 1694 egressum.
825 1643 928 1689 Quid
955 1644 1030 1681 sibi
1048 1644 1192 1681 vellet?
1246 1643 1328 1682 Cur
1355 1643 1398 1680 in

201 1712 289 1736 suas
312 1699 570 1747 possessiones
591 1697 765 1735 veniret?
804 1697 1053 1735 Provinciam
1073 1710 1181 1735 suam
1198 1710 1280 1735 esse
1299 1698 1400 1735 hanc

203 1752 384 1798 Galliam,
418 1753 518 1790 sicut
547 1752 652 1788 illam
685 1758 867 1789 nostram.
925 1751 984 1789 Ut
1014 1751 1092 1800 ipsi
1128 1751 1286 1789 concedi
1318 1763 1397 1788 non

201 1813 412 1854 oporteret,
431 1806 462 1843 si
482 1806 523 1842 in
543 1811 694 1843 nostros
713 1806 808 1842 fines
835 1805 1021 1854 impetum
1042 1803 1198 1851 faceret,
1220 1805 1274 1842 sic
1301 1804 1396 1841 item

201 1873 271 1898 nos
291 1873 373 1898 esse
406 1860 571 1908 iniquos,
602 1860 669 1907 qui
702 1859 743 1895 in
777 1871 847 1896 suo
868 1858 960 1907 jure
986 1871 1026 1896 se
1045 1858 1396 1907 interpellaremus.

203 1913 318 1961 Quod
338 1914 477 1951 fratres
498 1926 520 1950 a
554 1919 690 1950 senatu
722 1912 875 1949 AEtluos
903 1912 1113 1962 appellatos
1141 1912 1298 1957 diceret,
1318 1924 1397 1948 non

201 1981 241 2006 se
262 1975 339 2005 tam
359 1969 568 2005 barbarum
590 1979 715 2015 neque
734 1973 813 2003 tam
842 1966 1067 2015 imperitum
1085 1978 1169 2003 esse
1187 1978 1329 2011 rerum,
1353 1970 1399 2003 ut

200 2034 276 2059 non
312 2021 440 2066 sciret,
470 2033 595 2069 neque
622 2020 722 2058 bello
751 2020 1007 2068 Allobrogum
1036 2020 1214 2068 proximo
1241 2019 1397 2057 AEduos

200 2075 388 2112 Romanis
408 2075 598 2112 auxilium
629 2074 773 2118 tulisse,
802 2085 928 2122 neque
955 2072 1059 2121 ipsos
1086 2073 1128 2109 in
1156 2073 1219 2109 his
1237 2079 1396 2111 conten-

199 2129 384 2173 tionibus,
405 2140 503 2176 quas
515 2128 637 2164 AEdui
652 2140 779 2165 secum
794 2133 832 2164 et
847 2139 934 2163 cum
957 2125 1145 2174 Sequanis
1157 2126 1396 2170 habuissent,

201 2182 348 2219 auxilio
367 2182 499 2229 populi
520 2181 685 2218 Romani
706 2193 794 2218 usos
813 2192 908 2218 esse.
965 2178 1117 2218 Debere
1137 2193 1177 2218 se
1195 2180 1396 2229 suspicari,

202 2232 379 2272 simulata
401 2233 593 2271 Caesarem
627 2232 808 2277 amicitia,
840 2234 943 2282 quod
972 2234 1187 2272 exercitum
1205 2234 1246 2270 in
1269 2232 1398 2272 Gallia

199 2290 352 2331 habeat,
371 2288 429 2325 sui
450 2288 692 2336 opprimendi
711 2285 826 2325 causa
846 2288 998 2325 habere.
1058 2286 1132 2333 Qui
1149 2287 1225 2326 nisi
1238 2287 1398 2325 decedat

201 2349 317 2392 atque
345 2342 561 2379 exercitum
585 2342 749 2379 (leducat
769 2354 818 2378 ex
839 2341 899 2378 his
918 2341 1156 2391 regionibus,
1176 2353 1259 2379 sese
1285 2340 1397 2377 illum

200 2409 277 2434 non
291 2408 360 2445 pro
379 2395 511 2439 amico,
528 2395 593 2432 sed
609 2408 679 2444 pro
691 2395 799 2432 hoste
811 2395 1052 2432 habiturum:
1072 2395 1175 2443 quod
1188 2394 1221 2432 si
1233 2406 1321 2432 eum
1335 2393 1398 2429 in·

202 2449 412 2496 terfecerit,
431 2449 564 2487 multis
598 2461 677 2487 sese
708 2449 902 2487 nobilibus
931 2448 1245 2499 principibusque
1264 2446 1399 2496 populi
