1496 2671
283 95 335 133 20
567 92 774 132 LAELIUS
801 92 877 131 DE
903 91 1168 132 AMICITIA.

280 200 452 252 profecto,
472 200 499 238 si
521 213 544 238 a
562 202 707 238 caritate
726 201 821 249 vulgi
840 199 1054 239 abhorreret.
1112 200 1173 238 51.
1203 197 1327 250 Atque
1346 201 1456 241 etiam

282 255 369 294 mihi
385 254 531 305 quidem
541 254 716 300 videntur,
731 255 791 304 qui
809 255 967 292 utilitatis
986 265 1100 290 causa
1113 255 1253 301 fingunt
1265 254 1455 303 amicitiae,

278 309 578 347 amabilissimum
605 307 740 346 nodum
769 308 936 345 amicitiae
963 307 1097 345 tollere.
1151 307 1236 345 Non
1256 308 1355 346 enim
1381 315 1457 349 tam

279 363 412 401 utilitas
429 369 531 412 parta
544 374 608 412 per
619 363 914 411 amicum,quam
933 362 1041 398 amici
1056 373 1159 398 amor
1176 361 1254 411 ipse
1272 361 1452 402 delectat:

280 425 430 466 tumque
441 416 528 453 illud
548 417 599 462 fit,
617 415 711 465 quod
733 416 778 452 ab
790 416 911 453 amico
929 421 982 452 est
1000 413 1216 464 profectum,
1230 414 1453 464 jucundum,

279 471 306 507 si
327 483 414 508 cum
432 470 550 507 studio
568 480 622 507 est
647 470 847 519 profectum
867 481 876 506 z
904 475 1117 516 tantumque
1136 469 1249 515 abest,
1268 476 1308 506 ut
1326 469 1454 508 amici-

277 526 334 562 tiae
354 531 497 574 propter
513 523 740 572 indigentiam
760 524 935 569 colantur,
951 529 989 558 ut
1003 522 1039 566 ii,
1056 521 1115 569 qui
1131 522 1260 571 opibus
1272 528 1310 560 et
1326 525 1454 573 copiis,

280 579 514 626 maximeque
534 577 660 615 virtute
681 576 830 627 praediti,
850 577 885 612 in
906 588 978 625 qua
997 575 1192 625 plurimum
1211 582 1266 614 est
1283 578 1453 626 praesidii,

279 633 427 670 minime
450 632 594 668 alterius
613 629 1043 679 indigeant,liberalissimi
1062 627 1135 666 sint
1148 635 1184 666 et
1203 629 1455 670 beneficentis—

276 687 368 725 simi.
425 683 548 734 Atque
565 683 663 722 baud
681 684 770 730 scio,
790 695 837 719 an
858 696 902 720 ne
921 695 1013 732 opus
1032 683 1076 720 sit
1095 682 1255 732 quidem,
1274 682 1363 721 nihil
1383 698 1452 723 un·

277 752 386 790 quam
419 741 569 777 omnino
601 738 726 775 deesse
759 737 898 774 amicis.
953 735 1024 773 Ubi
1051 738 1151 774 enim
1179 736 1300 774 studia
1327 746 1451 776 nostra

277 795 482 843 viguissent,
505 794 533 829 si
562 803 750 840 nunquam
780 791 943 837 consilio,
971 803 1159 839 nunquam
1179 802 1290 840 opera
1317 799 1452 841 nostra,

276 859 343 885 nec
362 848 459 884 domi
480 858 548 883 nec
569 845 712 890 militiae,
732 844 852 894 Scipio
871 845 1024 892 eguisset
1041 845 1055 883 ’ἓ
1098 844 1184 882 Non
1202 845 1304 893 igitur
1321 845 1453 884 utilita-

276 909 347 940 tem
367 900 541 946 amicitia,
561 898 623 936 sed
642 899 774 935 utilitas
793 899 991 935 amicitiam
1011 905 1211 936 consecuta
1223 903 1291 936 est.

328 954 412 992 XV.
443 953 507 990 52.
536 952 622 991 Non
648 965 730 1002 ergo
757 959 866 989 erunt
894 950 1060 989 homines
1087 952 1225 990 deliciis
1252 952 1453 992 diffluentes

274 1008 494 1054 audiendi,si
514 1006 659 1056 quando
674 1006 718 1043 de
738 1006 908 1052 amicitia,
924 1018 1035 1055 quam
1054 1018 1124 1044 nec
1136 1019 1207 1044 usu
1225 1018 1295 1044 nec
1312 1008 1449 1046 ratione

275 1064 409 1101 habent
427 1062 620 1111 cognitam,
642 1060 887 1110 disputabunt.
945 1059 1043 1097 Nam
1062 1060 1143 1109 quis
1160 1066 1226 1106 est,
1245 1073 1309 1109 pro
1327 1060 1448 1100 Deum

273 1117 384 1154 fidem
403 1123 513 1166 atque
542 1114 731 1152 hominum
750 1115 759 1152 1
789 1115 849 1163 qui
878 1113 972 1159 velit,
992 1119 1031 1150 ut
1059 1126 1177 1164 neque
1196 1114 1316 1163 diligat
1333 1127 1448 1165 quen·

274 1184 399 1222 quam,
430 1174 498 1208 nec
527 1170 603 1218 ipse
632 1168 678 1205 ab
706 1168 778 1204 ullo
797 1168 972 1216 diligatur,
992 1167 1244 1205 circumfluere
1281 1168 1450 1207 omnibus

272 1225 385 1275 copiis
404 1231 511 1273 atque
526 1224 561 1259 in
582 1223 746 1260 omnium
759 1234 877 1258 rerum
896 1221 1117 1258 abundantia
1136 1222 1259 1258 vivere
1277 1221 1293 1265 ’ζ
1350 1220 1448 1260 Haec

271 1286 325 1316 est
342 1279 441 1316 enim
469 1284 703 1326 tyrannomm
730 1276 833 1321 vita3
861 1275 897 1311 in
928 1287 1000 1323 qua
1019 1276 1190 1312 nimirum
1218 1274 1318 1311 nulla
1347 1274 1447 1324 fides,

274 1333 371 1369 nulla
413 1333 556 1376 caritas,
594 1330 692 1366 nulla
736 1329 872 1365 stabilis
910 1328 1173 1366 benevolentiae
1214 1333 1331 1377 potest
1369 1341 1449 1368 esse

273 1387 428 1424 fiducia:
456 1385 579 1422 omnia
606 1395 749 1432 semper
776 1388 947 1431 suspecta
974 1388 1082 1430 atque
1113 1382 1296 1419 sollicita:
1325 1382 1445 1421 nullus

270 1443 371 1478 locus
391 1439 576 1476 amicitiae.
634 1437 696 1473 53.
754 1436 849 1481 Quis
867 1437 963 1472 enim
994 1442 1056 1472 aut
1074 1448 1160 1473 eum
1179 1435 1313 1484 diligat,
1332 1449 1444 1487 quem

271 1494 396 1532 metuit
415 1507 425 1538 ;
454 1498 517 1529 aut
543 1503 642 1536 eum,
671 1503 692 1527 a
711 1503 783 1540 quo
803 1502 842 1526 se
870 1490 983 1526 metui
1001 1495 1102 1539 putat
1117 1489 1137 1527 Ρ
1193 1489 1372 1527 Coluntur
1391 1497 1444 1528 ta-

271 1560 355 1585 men
374 1546 602 1583 simulatione
622 1545 800 1580 duntaxat
818 1542 864 1580 ad
884 1549 1040 1593 tempus.
1097 1542 1207 1588 Quod
1235 1543 1263 1580 si
1285 1543 1387 1590 sorte,
1406 1552 1445 1582 ut

270 1603 308 1639 fit
325 1602 547 1651 plerumque,
578 1597 798 1644 ceciderint3
826 1603 904 1633 tum
933 1596 1145 1646 intelligitur,
1172 1609 1284 1646 quam
1311 1596 1443 1636 suerint

269 1658 394 1704 inopes
413 1655 629 1691 amicorum.
685 1651 796 1697 Quod
814 1650 1053 1700 Tarquinium
1073 1650 1208 1688 dixisse
1226 1651 1356 1698 terunt,
1376 1665 1443 1689 ex-

267 1710 443 1747 sulantem
460 1720 497 1745 se
516 1706 746 1750 intellexisse,
761 1717 852 1753 quos
872 1705 960 1741 fidos
979 1704 1117 1742 amicos
1136 1703 1331 1752 habuisset,
1348 1719 1438 1756 quos

265 1763 406 1808 infidos,
440 1774 553 1811 quum
584 1759 663 1809 jam
696 1760 827 1795 neutris
854 1759 1003 1807 gratiam
1031 1757 1158 1795 referre
1186 1765 1319 1808 posset.
1374 1760 1436 1797 54.

266 1818 490 1866 Quanquam
512 1816 630 1857 miror,
650 1813 708 1850 illa
727 1813 895 1862 superbia
922 1818 957 1849 et
974 1811 1237 1861 importunitate
1263 1813 1292 1850 si
1321 1825 1435 1864 quen-

263 1883 374 1920 quam
404 1869 537 1906 habere
556 1868 683 1918 potuit.
739 1867 863 1916 Atque
881 1874 920 1903 ut
939 1865 1060 1914 hujus,
1076 1877 1185 1914 quem
1207 1864 1295 1913 dixi,
1316 1880 1434 1905 mores
1494 1916 1496 1918 q

264 1937 365 1962 veros
395 1924 534 1961 amicos
562 1933 689 1971 parare
720 1933 789 1957 non
820 1926 995 1970 potuere:
1031 1919 1082 1956 sic
1121 1919 1317 1958 multorum
1345 1933 1434 1971 opes

264 1978 537 2028 praepotentium
575 1974 776 2013 excludunt
811 1974 987 2011 amicitias
1021 1972 1159 2010 fideles.
1215 1973 1302 2011 Non
1333 1976 1431 2013 enim

263 2033 378 2070 solum
405 2032 484 2080 ipsa
511 2030 653 2067 fortuna
680 2040 782 2065 caeca
808 2034 872 2075 est,
902 2026 965 2064 sed
990 2038 1053 2063 eos
1079 2028 1188 2064 etiam
1222 2028 1435 2079 plerumque

261 2087 369 2123 efficit
390 2097 522 2131 caecos,
551 2096 642 2133 quos
669 2082 863 2132 complexa
888 2086 955 2119 est.
1011 2079 1138 2129 Itaque
1164 2081 1357 2121 efferuntur
1383 2083 1432 2122 illi

263 2140 334 2177 sere
353 2139 492 2176 fastidio
519 2144 557 2174 et
584 2136 843 2173 contumacia:
872 2145 990 2183 neque
1018 2134 1213 2184 quidquam
1242 2136 1432 2187 insipiente

263 2194 440 2230 fortunato
467 2190 723 2228 intolerabilius
746 2190 818 2226 fieri
847 2194 976 2238 potest.
1032 2188 1157 2238 Atque
1185 2189 1255 2227 hoc
1283 2190 1431 2239 quidem

264 2247 381 2284 videre
407 2247 503 2292 licet,
523 2257 598 2290 eos,
617 2244 677 2293 qui
706 2249 813 2280 antea
840 2241 1041 2279 commodis
1076 2241 1221 2280 suerunt
1256 2244 1426 2290 moribus,

262 2300 424 2350 imperio,
452 2304 638 2348 potestate,
670 2297 847 2346 prosperis
880 2297 986 2333 rebus
1019 2296 1212 2345 immutari,
1240 2298 1430 2348 spernique

265 2355 310 2392 ab
329 2353 384 2392 his
402 2359 541 2391 veteres
559 2351 750 2400 amicitias,
768 2350 942 2399 indulgeri
969 2350 1084 2390 novis.
1143 2349 1206 2391 55.
1236 2351 1336 2400 Quid
1364 2363 1430 2391 au-
