1496 2671
368 229 442 266 DE
472 227 653 266 BELLO
683 226 933 268 GALLICO
961 228 1068 266 LIB.
1096 229 1131 266 Ι.
1300 230 1345 266 19

154 339 266 375 ritate
286 337 356 373 sua
373 341 488 383 atque
508 334 714 380 exercitas,
738 335 799 372 vel
820 336 962 373 recenti
982 335 1155 381 victoria,
1187 335 1249 372 vel
1278 347 1348 371 no-

156 391 257 428 mine
269 389 401 438 populi
422 389 586 425 Romani
600 389 793 425 deterrere
806 401 927 436 posse,
942 401 990 426 ne
1003 388 1076 437 maj
1083 402 1125 425 or
1137 388 1348 425 multitudo

155 443 437 481 Germanorum
452 440 629 479 Rhenum
641 441 1181 491 transducatur,Galliamque
1195 454 1349 478 ornnem

154 497 202 534 ab
226 493 417 532 Ariovisti
436 495 583 542 injuria
603 507 712 543 posse
731 494 948 532 defendere.

205 548 397 585 XXXII.
427 546 513 585 Hac
541 549 713 585 oratione
741 549 789 584 ab
817 545 1014 585 Divitiaco
1042 546 1186 594 habita,
1215 558 1350 585 omnes

152 603 220 651 qui
242 602 402 639 aderant
420 614 560 650 magno
578 601 672 638 fletu
692 601 881 638 auxilium
901 614 923 638 a
944 601 1096 639 Caesare
1125 608 1256 651 petere
1275 614 1351 638 coe-

152 661 304 704 perunt.
363 655 655 692 Animadvertit
675 653 806 692 Caesar
825 667 921 692 unos
941 667 991 691 ex
1009 655 1189 692 omnibus
1204 655 1350 703 Sequa-

153 721 223 745 nos
242 708 340 744 nihil
360 720 493 745 earum
512 721 640 745 rerum
660 707 798 752 facere,
820 720 915 756 quas
935 708 1052 745 ceteri
1075 707 1264 750 facerent;
1285 708 1351 745 sed

153 762 294 808 tristes,
327 761 453 810 capite
481 762 657 805 demisso,
687 767 830 798 terram
858 761 1014 798 intueri.
1072 760 1171 808 Ejus
1191 762 1351 810 reiquae

153 827 269 852 causa
298 821 409 859 esset,
430 815 592 851 miratus
616 827 666 851 ex
694 814 788 862 ipsis
816 814 978 863 quaesiit.
1036 814 1150 850 Nihil
1181 814 1351 863 Sequani

154 869 397 917 respondere,
433 869 498 906 sed
529 868 570 904 in
608 866 741 905 eadem
770 868 932 905 tristitia
967 867 1076 905 taciti
1114 880 1350 916 permanere.

158 920 288 967 Quum
308 923 356 958 ab
370 922 417 958 iis
436 921 576 970 saepius
595 928 796 969 quaereret,
826 933 951 970 neque
971 921 1089 958 ullam
1108 922 1264 958 omnino
1284 934 1351 957 vo-

155 987 238 1012 cem
259 975 478 1022 exprimere
496 981 636 1023 posset,
658 974 758 1011 idem
779 973 998 1011 Divitiacus
1018 974 1174 1011 AEduus
1193 987 1351 1023 respon-

157 1029 230 1065 dit:
305 1026 391 1065 Hoc
429 1041 511 1065 esse
548 1028 787 1065 miseriorem
823 1028 1119 1077 gravioremque
1156 1027 1352 1064 fortunam

159 1082 425 1130 Sequanorum
458 1094 537 1130 pras
565 1081 814 1128 reliquorum,
845 1081 948 1129 quod
977 1081 1045 1118 soli
1075 1093 1123 1118 ne
1142 1081 1181 1117 in
1202 1081 1352 1118 occulto

156 1135 313 1182 quidem
331 1135 453 1182 queri,
475 1147 546 1172 nec
565 1134 754 1170 auxilium
769 1134 976 1183 implorare
995 1134 1193 1179 auderent,
1215 1135 1352 1171 absen-

155 1189 283 1236 tisque
316 1187 508 1224 Ariovisti
540 1187 818 1232 crudelitatem,
851 1188 959 1224 velut
990 1187 1022 1224 si
1042 1200 1170 1225 coram
1190 1188 1350 1232 adesset,

157 1241 375 1277 horrerent:
396 1246 599 1289 propterea
618 1241 721 1289 quod
741 1241 901 1290 reliquis
920 1246 1049 1278 tamen
1069 1240 1173 1290 fugae
1188 1241 1353 1278 facultas

157 1295 331 1336 daretur3
363 1294 550 1342 Sequanis
580 1306 684 1339 vero,
714 1294 781 1341 qui
809 1295 913 1331 intra
940 1295 1036 1331 fines
1064 1307 1153 1332 suos
1176 1295 1353 1331 Ariovis-

158 1353 243 1384 tum
261 1348 507 1396 recepissent,
528 1360 691 1395 quorum
711 1347 851 1396 oppida
866 1347 995 1384 omnia
1010 1348 1050 1384 in
1067 1346 1149 1395 ejus
1165 1354 1354 1397 potestate

158 1407 295 1442 essent,
317 1412 448 1437 omnes
467 1402 660 1437 cruciatus
680 1406 807 1438 essent
827 1400 1057 1449 perferendi.

213 1453 423 1491 XXXIII.
456 1453 530 1490 His
551 1455 666 1490 rebus
685 1454 860 1502 cognitis,
884 1452 1015 1491 Caesar
1043 1452 1242 1491 Gallorum
1271 1455 1354 1491 ani-

159 1519 242 1544 mos
267 1507 397 1544 verbis
430 1507 674 1543 confirmavit
703 1507 973 1556 pollicitusque
993 1515 1051 1545 est
1071 1507 1145 1544 sibi
1166 1520 1249 1545 eam
1270 1521 1353 1545 rem

160 1572 262 1598 curte
296 1560 483 1597 futuram:
513 1572 691 1608 magnam
726 1573 765 1597 se
793 1561 934 1597 habere
962 1573 1080 1609 spem,
1111 1567 1148 1597 et
1167 1561 1355 1598 beneficio

161 1626 230 1651 suo
249 1619 288 1650 et
307 1613 532 1650 auctoritate
552 1614 761 1650 adductum
782 1613 1026 1651 Ariovistum
1054 1614 1171 1651 finem
1198 1614 1355 1662 injuriis

163 1667 370 1704 facturum.
427 1664 512 1703 Hac
532 1667 704 1704 oratione
732 1667 866 1704 habita
893 1667 1098 1704 concilium
1127 1668 1285 1712 dimisit,
1317 1675 1356 1704 et

162 1720 371 1757 secundum
404 1732 449 1756 ea
479 1720 607 1756 multae
634 1733 695 1757 res
727 1733 813 1757 eum
847 1721 1112 1766 hortabantur,
1143 1734 1262 1769 quare
1282 1721 1355 1758 sibi

161 1786 244 1810 eam
264 1786 345 1810 rem
365 1774 608 1821 cogitandam
624 1780 662 1810 et
678 1774 959 1822 suscipiendam
976 1781 1147 1822 putaret,
1166 1775 1356 1823 imprimis

162 1827 265 1875 quod
285 1826 448 1871 AEduos,
469 1826 608 1864 fratres
628 1827 1007 1876 consanguineosque
1028 1840 1288 1875 saepenumero
1309 1829 1356 1864 ab

164 1887 300 1917 senatu
321 1879 541 1928 appellatos,
571 1880 611 1916 in
633 1881 820 1917 servitute
840 1886 955 1928 atque
975 1881 1014 1916 in
1036 1881 1180 1917 ditione
1202 1881 1356 1918 videbat

165 1931 447 1970 Germanorum
469 1934 604 1978 teneri,
628 1946 837 1981 eorumque
857 1934 1008 1970 obsides
1027 1946 1108 1970 esse
1122 1935 1224 1983 apud
1240 1934 1356 1971 Ario-

165 1984 309 2023 vistum
327 1999 371 2023 ac
394 1987 590 2034 Sequanos
610 1987 866 2035 intelligebat:
887 1987 989 2035 quod
1008 1988 1049 2023 in
1068 1994 1176 2024 tanto
1195 1987 1358 2036 imperio

167 2039 298 2087 populi
319 2039 481 2076 Romani
503 2040 768 2088 turpissimum
799 2040 872 2076 sibi
893 2047 931 2076 et
951 2040 1172 2088 reipublicae
1193 2053 1276 2078 esse
1296 2054 1356 2078 ar-

166 2093 394 2128 bitrabatur.
451 2093 657 2130 Paullatim
697 2099 825 2131 antem
865 2092 1079 2130 Germanos
1109 2106 1358 2132 consuescere

168 2145 348 2181 Rhenum
368 2147 530 2183 transire
550 2153 589 2183 et
608 2147 647 2182 in
670 2145 838 2183 Galliam
859 2159 1037 2195 magnam
1065 2160 1197 2184 eorum
1227 2149 1358 2184 multi-

168 2199 342 2234 tudinem
362 2200 505 2243 venire,
525 2201 667 2248 populo
698 2201 870 2236 Romano
899 2201 1158 2249 periculosum
1186 2201 1357 2238 videbat:

169 2263 293 2298 neque
314 2251 387 2288 sibi
408 2252 579 2289 homines
598 2253 700 2290 feros
721 2266 764 2290 ac
784 2255 967 2290 barbaros
988 2260 1269 2302 temperaturos
1288 2265 1357 2290 ex-

169 2305 376 2347 istimabat,
398 2305 502 2351 quin,
524 2318 640 2353 quum
670 2320 822 2343 omnem
843 2305 1012 2344 Galliam
1032 2314 1294 2356 occupassent,
1316 2314 1360 2343 ut

170 2365 260 2394 ante
279 2357 427 2394 Cimbri
446 2358 687 2407 Teutonique
696 2359 889 2405 fecissent,
899 2361 939 2396 in
950 2361 1196 2397 Provinciam
1207 2360 1360 2396 exirent

170 2418 286 2460 atque
305 2411 395 2448 inde
424 2411 462 2446 in
495 2411 645 2448 Italiam
674 2414 967 2456 contenderent3
997 2414 1209 2461 praesertim
1240 2425 1360 2460 quum

175 2464 371 2511 Sequanos
410 2477 430 2500 a
461 2463 660 2502 Provincia
710 2464 839 2502 nostra
897 2467 1108 2502 Rhodanus
1157 2466 1359 2503 divideret.
