1496 2671
289 146 340 185 34
639 147 803 185 LIBER
833 147 1099 194 QUARTUS.

293 254 533 293 Macedoniae
558 255 743 304 praefecto
771 256 1002 295 moliebatur.
1059 256 1266 302 Cretenses,
1294 256 1360 293 has
1395 259 1460 292 aut

287 309 372 346 illas
389 315 512 358 partes
531 311 659 354 secuti,
673 322 771 347 nunc
792 310 1072 360 Spartanorum,
1092 323 1192 347 nune
1213 310 1461 347 Macedonum

290 362 481 411 praesidiis
509 363 799 412 occupabantur.
856 363 931 401 Sed
958 364 1097 401 leviora
1124 364 1223 401 inter
1249 364 1332 401 illos
1357 362 1461 399 fuere

291 416 505 453 discrimina
525 430 533 454 :
563 429 677 454 unum
696 423 894 462 certamen,
923 430 969 454 ex
988 430 1061 465 quo
1080 422 1204 456 cetera
1228 417 1459 467 pendebant,

293 470 465 507 intuente
482 470 646 508 fortuna.

349 523 434 561 VII.
464 524 500 561 2.
528 524 616 562 Jam
643 529 723 562 tota
752 524 870 574 Syria,
886 524 965 573 jam
995 524 1183 562 Phoenice
1210 536 1368 574 quoque,
1399 534 1463 560 ex-

291 581 400 626 cepta
419 577 532 627 Tyro,
562 579 810 615 Macedonum
829 583 957 615 erant:
986 578 1222 626 habebatque
1248 591 1314 616 rex
1341 581 1462 614 castra

295 633 335 667 in
362 631 580 677 continenti,
610 645 631 668 a
658 644 729 680 qua
757 633 884 668 urbem
912 636 1111 679 angustum
1136 632 1274 669 fretum
1300 630 1458 668 dirimit.

296 684 430 734 Tyrus,
460 691 498 723 et
525 686 692 723 claritate
719 691 757 722 et
785 697 870 734 mag
889 685 1060 722 nitudine
1087 690 1175 723 ante
1202 697 1330 723 omnes
1355 684 1465 720 urbes

299 739 429 788 Syriae
459 739 735 787 Phoenicesque
768 739 1025 784 memorabilis,
1072 739 1215 776 facilius
1253 737 1468 776 societatem

303 793 511 830 Alexandri
530 798 728 842 acceptura
746 793 956 837 Videbatur,
979 804 1089 841 quam
1108 792 1316 842 imperium.
1335 791 1472 840 Qcoro-

296 859 383 884 nam
400 847 516 896 igitur
535 860 682 883 auream
711 847 825 893 legati
844 847 983 882 donum
1002 847 1205 884 afferebant
1223 849 1465 883 commeatus-

295 912 367 949 que
398 900 502 949 large
538 905 575 937 et
600 900 841 949 'hospitaliter
868 913 915 936 ex
942 900 1078 948 oppido
1106 900 1343 937 advexerant.
1399 897 1467 934 Ille

296 954 406 999 dona,
429 959 471 991 ut
491 954 537 990 ab
556 954 692 1000 amieis,
710 953 825 1003 accipi
839 953 962 1002 jussit,
977 953 1209 1001 benigneque
1222 954 1368 1002 legatos
1377 951 1468 989 allo-

300 1013 421 1053 cutus,
451 1007 616 1051 Herculi,
646 1019 754 1055 quem
784 1008 978 1057 praecipue
999 1007 1105 1057 Tyrii
1125 1007 1302 1053 colerent,
1331 1005 1469 1044 sacrifi-

298 1074 381 1098 care
400 1061 495 1098 velle
514 1075 551 1098 se
579 1061 704 1098 dixit:
736 1061 982 1098 Macedonum
1008 1073 1114 1109 reges
1142 1060 1302 1106 credere,
1332 1060 1380 1097 ab
1405 1059 1470 1096 illo

298 1116 370 1152 deo
389 1115 488 1164 ipsos
514 1128 633 1164 genus
660 1115 819 1152 ducere:
850 1128 889 1152 se
916 1127 1014 1159 vero,
1045 1120 1088 1152 ut
1115 1115 1155 1151 id
1180 1114 1330 1159 faceret,
1358 1112 1470 1150 etiam

298 1170 448 1206 oraculo
476 1169 670 1206 monitum.
742 1169 874 1217 Legati
910 1169 1149 1217 respondent,
1178 1180 1256 1205 esse
1290 1166 1471 1216 templum

300 1222 474 1260 Herculis
493 1228 598 1261 extra
625 1223 765 1268 urbem,
785 1224 823 1259 in
853 1235 895 1259 ea
913 1223 1000 1259 sede
1019 1233 1130 1270 quam
1159 1221 1383 1271 Palaetyron
1401 1219 1471 1269 ipsi

293 1285 451 1314 vocent:
482 1277 534 1314 ibi
565 1290 693 1325 regem
724 1277 794 1313 deo
823 1289 971 1313 sacrum
999 1276 1070 1313 rite
1106 1275 1302 1320 facturum.
1377 1273 1467 1310 Non

302 1331 422 1368 tenuit
449 1331 541 1367 iram
567 1329 793 1375 Alexander,
816 1330 920 1378 cujus
939 1329 1103 1377 alioquin
1120 1334 1253 1378 potens
1272 1340 1348 1365 non
1376 1332 1469 1364 erat·

303 1388 312 1404 ³
334 1384 464 1432 Itaque
479 1397 543 1421 vos
560 1383 732 1432 quidem‚'
760 1384 891 1431 inquit,
915 1386 925 1403 ‘
939 1383 1074 1420 fiducia
1093 1382 1176 1426 loci,
1197 1382 1296 1430 quod.
1314 1380 1471 1418 insulam

305 1438 468 1475 incolitis
488 1438 695 1487 pedestrem
729 1437 828 1474 hune
847 1437 1050 1473 exereitum
1069 1436 1266 1485 spernitis:
1286 1435 1352 1472 sed
1370 1433 1473 1471 brevi

301 1492 506 1537 ostendam,
526 1492 567 1528 in
594 1491 802 1529 continenti
822 1503 885 1528 vos
905 1502 996 1527 esse.
1054 1489 1218 1526 Proinde
1235 1488 1359 1526 sciatis
1373 1487 1471 1532 licet,

302 1551 368 1583 aut
393 1545 617 1583 intraturum
646 1541 704 1582 ine
733 1545 872 1589 urbem,
904 1549 967 1582 aut
995 1541 1323 1593 oppugnaturum?
1378 1541 1474 1578 Cum

304 1600 374 1637 hoc
394 1612 568 1649 responso
598 1599 766 1636 dimissos
794 1611 944 1635 monere
963 1598 1071 1634 amici
1099 1601 1313 1646 coeperunt,
1342 1601 1391 1633 ut·
1414 1607 1471 1632 re-

303 1666 399 1702 gem,
421 1666 529 1703 quem
549 1653 666 1702 Syria,
687 1665 795 1700 quem
812 1651 997 1688 Phoenice
1015 1650 1223 1699 recepisset,
1243 1650 1313 1699 ipsi
1331 1660 1475 1697 quoque

306 1707 434 1744 urbem
461 1708 601 1745 intrare
620 1711 847 1755 paterentur.
904 1705 957 1742 At
975 1705 1029 1741 illi
1055 1705 1136 1742 loeo
1165 1704 1254 1741 satis
1280 1703 1350 1749 fisi,
1378 1701 1475 1740 obsi-

306 1761 457 1797 dionem
474 1761 570 1798 ferre
588 1760 846 1808 decreverunt.

357 1813 466 1851 VIII.
496 1814 665 1862 Namque
685 1814 812 1850 urbem
830 1826 852 1849 a
871 1811 1077 1849 continenti
1094 1815 1254 1860 quatuor
1271 1809 1475 1847 stadiorum

305 1869 441 1906 fretum
477 1867 623 1913 dividit,
653 1867 780 1904 Africo
815 1866 973 1902 maxime
1010 1864 1225 1914 objectum3
1256 1864 1404 1901 crebros
1431 1875 1477 1900 ex

305 1922 382 1960 alto
401 1922 536 1960 fluetus
562 1922 601 1958 in
619 1922 725 1959 littus
753 1920 910 1964 evolvit3
940 1932 1008 1956 nee
1027 1917 1242 1967 accipiendo
1269 1917 1385 1967 operi,
1405 1928 1478 1965 quo

308 1976 532 2013 Macedones
560 1974 768 2013 continenti
787 1974 945 2010 insulam
966 1972 1128 2021 jungere
1155 1971 1348 2021 parabant,
1369 1970 1478 2019 quid-

307 2042 418 2078 quam
432 2029 549 2078 magis
568 2041 675 2077 quam
695 2029 757 2065 ille
776 2032 909 2065 ventus
928 2027 1110 2064 obstabat.
1168 2024 1317 2074 Quippe
1330 2024 1391 2061 vix
1402 2024 1478 2061 leni

310 2088 347 2121 et
374 2083 576 2132 tranquillo
614 2083 706 2119 mari
742 2081 858 2118 moles
894 2080 955 2129 agi
991 2083 1176 2129 possunt3
1205 2077 1355 2115 Asrieus
1391 2089 1479 2115 vero

311 2137 429 2186 prima
448 2149 614 2186 quaeque
641 2140 818 2184 congesta
836 2135 943 2184 pulsu
962 2134 1057 2170 illisa
1078 2132 1186 2170 maris
1206 2132 1351 2170 subruit
1371 2145 1379 2169 :
1409 2143 1478 2168 nec

310 2190 384 2227 ulla
402 2195 479 2228 tam
505 2191 610 2227 firma
628 2190 741 2226 moles
760 2194 827 2234 est,
858 2201 967 2237 quam
986 2200 1061 2224 non
1080 2187 1241 2224 exedant
1268 2185 1390 2222 undae
1415 2196 1481 2234 per

312 2257 430 2281 nexus
450 2256 604 2293 operum
631 2248 849 2285 manantem
879 2246 927 2286 et,
949 2242 1013 2278 ubi
1040 2241 1159 2278 acrior
1183 2240 1294 2277 flatus
1321 2237 1476 2282 exsistit,

311 2297 443 2335 summi
471 2297 591 2346 operis
618 2297 761 2344 fastigio
799 2295 1024 2344 superfusae.
1082 2294 1236 2331 Praeter
1262 2293 1358 2330 hanc
1385 2290 1480 2328 diffi-

311 2352 488 2389 cultatem
515 2350 615 2388 haud
643 2351 762 2386 minor
791 2349 861 2386 alia
880 2354 959 2386 erat
979 2363 987 2386 :
1017 2360 1142 2385 muros
1162 2352 1352 2395 turresque
1377 2344 1479 2381 urbis

312 2405 517 2456 praealtum
536 2417 636 2444 mare
655 2404 850 2442 ambiebat.
907 2403 995 2440 Non
1014 2405 1212 2447 tormenta,
1231 2399 1302 2437 nisi
1330 2411 1351 2436 e
1376 2397 1479 2436 navi-
