1496 2671
183 225 233 260 42
522 221 567 259 C.
597 220 749 259 JULII
780 220 1041 260 CAESARIS

186 328 354 373 Treviri,
377 341 540 378 quorum
560 329 662 367 inter
683 327 813 367 Gallos
832 328 990 367 virtutis
1010 329 1142 378 opinio
1161 335 1219 368 est
1247 330 1385 380 singu-o

184 383 291 428 laris,
318 384 385 432 qui
415 383 553 419 auxilii
583 385 698 420 causa
729 384 777 419 ab
808 383 966 420 civitate
996 383 1102 420 missi
1123 384 1171 421 ad
1191 383 1386 422 Caesarem

186 441 387 482 venerant,
425 449 546 484 quum
591 437 839 474 multitudine
886 437 1055 474 hostium
1091 443 1217 476 castra
1253 448 1384 476 nostra

188 490 386 539 compleri,
406 490 576 539 legiones
597 491 719 539 premi
749 496 788 527 et
819 502 926 538 paene
945 490 1228 529 circumventas
1245 492 1386 536 teneri,

190 545 354 588 calones,
374 545 534 592 equites,
555 543 781 588 funditores,
802 543 1010 588 Numidas,
1031 544 1204 583 diversos
1220 545 1389 594 dissipa.-

190 605 326 646 tosque
363 598 403 633 in
444 610 574 635 omnes
607 603 737 646 partes
769 596 905 646 fugere
942 597 1143 642 vidissent,
1175 598 1390 648 desperatis

191 651 334 688 nostris
364 651 491 696 rebus,
521 652 676 688 domum
706 651 1003 687 contenderunt:
1034 649 1225 689 Romanos
1256 652 1388 701 pulsos

191 710 481 754 superatosque,
517 704 653 742 castris
691 704 1055 753 impedimentisque
1093 717 1226 742 eorum
1259 706 1389 743 hostes

193 759 346 808 potitos,
378 759 529 796 civitati
549 757 889 795 renunciaverunt.

246 812 387 849 XXV.
419 810 561 857 Caesar,
596 813 644 848 ab
683 811 838 848 decimae
863 810 1028 859 legionis
1059 812 1323 850 cohortatione
1342 813 1394 850 ad

194 866 377 903 dextrum
397 877 518 902 cornu
537 864 746 914 profectus,
768 864 835 901 ubi
866 876 954 901 suos
986 866 1118 914 urgeri
1138 865 1336 915 signisque
1351 866 1391 902 in

196 933 317 956 unum
355 919 481 956 locum
519 918 668 955 collatis
715 918 949 955 duodecimae
995 919 1159 968 legionis
1201 918 1394 957 confertos

197 973 341 1010 milites
361 973 433 1009 sibi
454 973 558 1021 ipsos
578 972 625 1009 ad
646 984 815 1020 pugnam
832 984 915 1009 esse
934 971 1231 1020 impedimento;
1248 978 1397 1021 quartae

198 1027 367 1064 cohortis
405 1026 584 1062 omuibus
623 1025 915 1062 centurionibus
952 1026 1100 1071 occisis,
1134 1026 1396 1075 signi-feroque

202 1079 421 1126 interfecto,
451 1079 563 1128 signo
592 1079 744 1125 amisso,
770 1079 1008 1128 reliquarum
1037 1081 1252 1118 cohortium
1273 1080 1397 1117 omni-

199 1136 274 1171 bus
320 1133 402 1170 fere
439 1133 730 1170 centurionibus
768 1139 835 1170 aut
882 1133 1096 1171 vulneratis
1141 1140 1208 1171 aut
1249 1134 1400 1179 occisis,

202 1189 243 1224 in
264 1187 325 1224 his
357 1187 575 1236 primopilo,
609 1186 655 1223 P.
696 1186 829 1224 Sextio
866 1186 1024 1232 Baculo,
1062 1186 1273 1225 fortissimo
1300 1188 1398 1231 viro,

205 1241 338 1278 multis
376 1242 640 1290 gravibusque
689 1241 915 1277 vulneribus
945 1239 1130 1286 confecto,
1170 1247 1213 1278 ut
1239 1239 1323 1289 jam
1360 1253 1402 1278 se

205 1295 396 1333 sustinere
425 1307 502 1331 non
532 1299 676 1342 posset3
704 1294 874 1342 reliquos
902 1306 984 1331 esse
1012 1294 1219 1338 tardiores;
1246 1301 1286 1332 et
1305 1307 1402 1331 non-

206 1349 332 1386 nullos
366 1349 414 1385 ab
447 1347 669 1385 novissimis
699 1348 869 1384 desertos
903 1347 1041 1396 proelio
1058 1349 1244 1385 excedere
1264 1361 1308 1385 ac
1327 1348 1404 1385 tela

210 1404 351 1445 vitare3
380 1403 509 1439 hostes
529 1413 653 1448 neque
672 1413 694 1437 a
713 1400 841 1438 fronte
860 1413 911 1437 ex
930 1400 1114 1438 inferiore
1132 1401 1216 1439 loco
1235 1403 1404 1439 subeun-

208 1464 267 1494 tes
287 1455 556 1500 intermittere,
592 1461 630 1491 et
661 1456 708 1492 ab
728 1461 892 1503 utroque
917 1454 1038 1492 latere
1067 1455 1227 1502 instare,
1257 1462 1295 1493 et
1322 1467 1406 1492 rem

210 1513 293 1548 ess'e
312 1509 353 1545 in
374 1515 537 1557 angusto
557 1507 669 1553 vidit,
686 1520 811 1557 neque
825 1508 946 1544 ullum
960 1520 1042 1546 esse
1056 1509 1284 1555 subsidium,
1304 1509 1408 1558 quod

212 1563 388 1600 submitti
409 1569 551 1611 posset:
567 1568 674 1598 scuto
695 1563 742 1599 ab
763 1561 984 1599 novissimis
1004 1562 1071 1598 uni
1086 1562 1201 1599 militi
1222 1563 1408 1607 detracto,

211 1617 314 1667 quod
336 1617 418 1664 ipse
438 1620 482 1653 eo
504 1616 585 1652 sine
606 1621 715 1652 scuto
735 1621 905 1660 venerat,
926 1615 966 1651 in
996 1616 1160 1664 primam
1180 1617 1300 1654 aciem
1319 1629 1409 1666 pro-

214 1670 339 1715 cessit,
362 1669 729 1716 centurionibusque
758 1669 987 1706 nominatim
1006 1669 1223 1718 appellatis,
1242 1670 1411 1718 reliquos

215 1725 437 1762 cohortatus
456 1723 610 1767 milites,
641 1723 752 1770 signa
782 1721 925 1759 inferre
956 1728 994 1759 et
1029 1722 1247 1771 manipulos
1278 1723 1412 1761 laxare

210 1777 342 1827 jussit,
362 1790 438 1825 quo
458 1776 608 1814 facilius
627 1776 766 1825 gladiis
796 1776 851 1812 uti
872 1781 1042 1824 possent.
1100 1775 1222 1824 Cujus
1242 1777 1412 1814 adventu

219 1845 285 1881 spe
299 1831 408 1868 illata
427 1831 616 1867 militibus
636 1842 680 1868 ac
708 1830 970 1878 redintegrato
991 1829 1130 1874 animo,
1150 1843 1268 1876 quum
1284 1843 1354 1879 pro
1374 1843 1414 1867 se

219 1885 383 1935 quisque
402 1885 440 1920 in
469 1889 675 1933 conspectu
714 1883 957 1932 imperatoris
995 1889 1033 1919 et
1063 1881 1206 1930 jamin
1229 1884 1416 1920 extremis

220 1939 301 1977 suis
329 1939 445 1976 rebus
476 1949 630 1986 operam
662 1949 805 1974 navare
834 1943 1002 1986 cuperet,
1037 1936 1209 1984 paullum
1246 1937 1416 1974 hostium

221 1994 390 2041 impetus
410 1992 584 2028 tardatus
604 1998 672 2027 est.

279 2045 443 2082 XXVI.
476 2044 618 2091 Caesar,
631 2056 750 2093 quum
764 2043 964 2092 septimam
980 2043 1183 2092 legionem,
1204 2055 1289 2092 quae
1302 2042 1420 2092 juxta

226 2099 463 2143 constiterat,
484 2099 575 2135 item
594 2098 723 2147 urgeri
739 2099 787 2134 ab
802 2098 911 2134 hoste
930 2097 1102 2142 vidisset,
1123 2098 1299 2134 tribunos
1317 2097 1420 2134 mili-

228 2160 311 2190 tum
340 2152 501 2196 monuit,
533 2158 577 2188 ut
606 2151 804 2199 paullatim
834 2162 915 2187 sese
942 2150 1113 2200 legiones
1142 2149 1422 2200 conjungerent

228 2213 266 2244 et
304 2218 490 2243 conversa
527 2205 638 2254 signa
675 2205 714 2240 in
752 2205 881 2241 hostes
916 2203 1116 2241 inferrent.
1193 2203 1279 2250 Quo
1306 2204 1420 2248 facto,

229 2272 349 2309 quum
369 2259 467 2295 alius
485 2258 550 2295 alii
581 2258 796 2294 subsidium
825 2257 984 2303 ferrent,
1013 2270 1139 2306 neque
1158 2258 1352 2303 timerent,
1374 2269 1422 2294 ne

233 2312 360 2351 aversi
378 2313 426 2349 ab
445 2312 554 2349 hoste
573 2310 958 2357 circumvenirentur,
979 2311 1163 2348 audacius
1182 2312 1360 2348 resistere
1380 2323 1423 2347 ac

233 2367 374 2405 fortius
403 2377 577 2415 pugnare
606 2370 818 2413 coeperunt,
875 2364 1038 2402 Interim
1069 2365 1209 2402 milites
1228 2365 1424 2413 legionum

236 2421 410 2462 duarum,
449 2430 534 2467 quae
572 2418 613 2454 in
646 2418 855 2455 novissimo
892 2419 1045 2467 agmine
1073 2418 1249 2467 praesidio
1263 2417 1425 2466 impedi-

236 2473 376 2512 mentis
395 2472 562 2517 fuerant,
582 2472 717 2520 proelio
737 2472 930 2514 nunciato,
952 2484 1067 2508 cursu
1087 2472 1245 2508 incitato
1264 2471 1303 2507 in
1323 2482 1427 2506 sum-
