1496 2671
524 149 953 188 EPAMINONDAS.
1279 150 1327 186 33

143 263 328 307 quantum
365 257 526 306 quisque
564 257 670 294 daret
713 269 781 304 pro
817 256 1065 294 facultatibus
1101 256 1329 304 imperabat:

144 324 301 360 eamque
335 322 521 348 summam
554 324 673 358 quum
702 310 855 355 iaceret,
890 311 1113 359 priusquam
1140 310 1332 357 acciperet

142 365 355 413 pecuniam,
386 365 598 402 adducebat
626 377 724 408 eum,
755 365 822 413 qui
850 365 1069 412 quaerebat,
1094 363 1142 400 ad
1168 375 1241 408 eos,
1263 363 1331 410 qui

143 418 400 462 conferebant,
423 418 534 466 eique
554 424 596 454 ut
613 417 688 466 ipsi
707 424 965 462 numerarent,
986 417 1168 460 faciebat3
1191 423 1234 453 ut
1253 416 1328 460 ille,

144 472 192 508 ad
223 484 337 520 quem
367 484 411 508 ea
441 484 501 509 res
531 471 790 520 perveniebat,
817 471 943 516 sciret,
976 477 1163 518 quantum
1193 470 1331 519 cuique

144 525 313 562 deberet.

244 664 346 703 CAP.
372 664 446 702 IV.
503 664 801 714 Epaminondae
819 663 1053 701 abstinentia
1074 670 1233 700 tentato.

198 741 401 779 ΤΕΝΤΑΤΑ
429 747 557 779 autem
585 741 667 789 ejus
696 746 753 778 est
782 741 1015 779 abstinentia
1034 753 1057 778 a
1077 740 1332 777 Diomedonte

146 794 354 845 Cyziceno:
391 807 555 843 namque
583 795 630 840 is,
648 800 786 843 rogatu
815 795 1064 839 Artaxerxis,
1095 794 1333 840 Epaminon-

145 849 233 886 dam
262 846 426 897 pecunia
455 850 776 897 corrumpendum
805 854 1038 896 susceperat.
1096 847 1174 884 Hic
1193 859 1333 894 magno

146 915 233 939 cum
252 902 420 950 pondere
439 902 525 939 auri
548 902 702 939 Thebas
731 902 848 947 venit,
869 907 908 939 et
937 901 1157 951 Micythum
1186 901 1334 938 adoles-

146 956 342 992 centulum
356 956 523 1004 quinque
537 955 692 992 talentis
704 956 752 992 ad
761 968 869 992 suam
884 956 1067 1004 perduxit
1082 954 1333 997 voluntatem,

146 1021 259 1057 quem
287 1015 370 1045 tum
399 1008 686 1058 Epaminondas
713 1009 923 1057 plurimum
951 1008 1150 1057 diligebat.
1207 1008 1334 1056 Micy-

143 1063 234 1099 thus
280 1061 587 1111 Epaminondam
630 1062 824 1107 convenit,
862 1068 901 1099 et
945 1074 1099 1099 causam
1144 1061 1336 1099 adventus

145 1115 413 1152 Diomedontis
449 1115 630 1153 ostendit.
686 1115 745 1152 At
789 1115 854 1152 ille
898 1115 1155 1153 Diomedonte
1191 1127 1335 1152 coram:

146 1168 271 1214 Nihil,
300 1168 438 1218 inquit,
469 1181 565 1219 opus
587 1166 757 1218 pecunie
787 1175 866 1206 est:
895 1181 988 1205 ozam
1017 1170 1050 1205 si
1078 1181 1123 1205 ea
1151 1181 1220 1205 rex
1241 1167 1336 1213 vult,

146 1234 247 1272 quae
285 1221 478 1258 Thebanis
501 1223 579 1259 sint
595 1221 721 1267 utilia,
738 1223 863 1271 qratis
881 1221 1023 1270 facere
1040 1235 1124 1259 sum
1140 1227 1308 1272 paratus
1321 1236 1336 1264 ;

146 1277 207 1312 sin
244 1281 371 1312 autem
407 1276 616 1321 contraria,
656 1288 732 1312 non
764 1274 880 1312 habet
910 1276 1002 1312 ouri
1032 1281 1146 1324 atque
1184 1275 1338 1323 aryenti

147 1329 241 1365 satis
251 1345 266 1372 ;
294 1341 460 1378 namque
486 1328 588 1366 orbis
616 1335 811 1366 terrarum
840 1329 995 1365 divitias
1027 1329 1200 1378 accipere
1235 1327 1335 1373 nolo,

143 1395 221 1432 pro
243 1383 400 1432 patriae
427 1384 601 1420 caritate.
653 1382 717 1428 Te,
742 1383 810 1432 qai
828 1395 886 1419 me
917 1383 1152 1430 irtcoynitam
1171 1379 1334 1426 tentasti,

150 1437 281 1485 tuique
298 1435 456 1473 similem
475 1434 706 1482 existimasti,
728 1449 805 1472 non
824 1437 944 1472 miror
957 1451 972 1479 ,·
992 1435 1060 1472 tibi
1077 1436 1229 1484 iynosco
1241 1449 1254 1472 .·
1272 1435 1342 1471 sed

149 1490 325 1538 eqredere
345 1503 524 1540 propere,
551 1503 598 1526 ne
630 1489 726 1526 alios
747 1502 986 1539 corrumpas,
1018 1502 1138 1540 quam
1170 1502 1228 1526 me
1259 1501 1337 1525 non

146 1543 327 1592 potueris.
392 1543 466 1589 Ta,
485 1542 666 1592 Mieytlae,
687 1549 890 1591 amentum
909 1542 998 1580 kaie
1026 1543 1141 1580 redde
1154 1558 1169 1586 ;
1196 1543 1272 1579 nisi
1298 1542 1341 1578 id

149 1596 348 1643 confestim
370 1596 492 1646 facis,
532 1610 600 1646 eqo
636 1602 671 1632 te
709 1597 860 1633 tradam
901 1597 1159 1645 maqz'stratui.
1216 1596 1336 1633 Hunc

149 1650 366 1688 Diomedon
381 1663 499 1700 quum
511 1656 676 1700 rogaret,
698 1656 741 1687 ut
759 1656 843 1688 tuto
863 1650 982 1695 exire,
1004 1662 1148 1699 suaque
1161 1662 1260 1698 quae
1279 1655 1338 1686 at·

148 1704 313 1751 tulisset,
325 1704 458 1742 liceret
473 1703 609 1741 efferre
625 1717 634 1740 :
663 1703 787 1747 Istud,
801 1704 938 1752 inquit,
948 1704 1116 1750 faciam,
1133 1715 1254 1752 neque
1269 1700 1337 1739 ίαᾶ

148 1756 279 1803 causa,
299 1758 366 1794 sed
382 1756 464 1794 mea
478 1773 492 1801 ‚·
519 1770 579 1803 ne,
598 1758 632 1794 si
650 1756 718 1794 tibi
734 1758 785 1794 sit
797 1758 963 1807 pecunia
983 1757 1176 1805 adempta,
1196 1756 1340 1805 aliquis

148 1811 265 1857 dieat,
279 1811 324 1848 id
339 1811 394 1848 ad
410 1824 467 1847 me
486 1817 656 1861 ereptum
669 1812 900 1860 pervenisse,
920 1811 1026 1859 quod
1042 1808 1214 1847 delatum
1236 1810 1338 1846 aeci-

145 1877 238 1914 pere
264 1864 476 1901 noluissem.
533 1866 574 1901 A
601 1877 677 1911 quo
705 1877 823 1913 quum
851 1862 1073 1913 quaesisset,
1095 1875 1171 1912 quo
1191 1875 1230 1899 se
1248 1863 1339 1900 duci

148 1917 268 1964 vellet,
290 1924 328 1955 et
344 1918 420 1963 ille,
442 1917 626 1963 Athenas,
647 1918 804 1962 diceret,
824 1918 1058 1967 praesidium
1086 1917 1202 1961 dedit,
1223 1922 1266 1953 ut
1293 1929 1337 1954 eo

150 1977 235 2008 tuto
262 1972 499 2020 perveniret3
518 1984 642 2019 neque
670 1984 763 2008 vero
787 1972 828 2008 id
853 1971 945 2008 satis
965 1971 1115 2016 habuit,
1135 1971 1201 2007 sed
1220 1970 1336 2007 etiam

151 2030 194 2060 ut
212 2024 418 2062 inviolatus
438 2026 478 2062 in
498 2038 636 2062 navem
656 2025 877 2062 ascenderet
896 2037 964 2073 per
985 2024 1195 2062 Chabriam
1210 2023 1336 2061 Athe-

151 2077 332 2123 niensem,
350 2079 396 2116 de
408 2092 483 2127 quo
496 2091 612 2128 supra
626 2079 859 2116 mentionem
874 2077 1046 2123 fecimus,
1061 2077 1198 2115 effecit.
1251 2078 1336 2114 Ab·

151 2131 355 2169 stinentiae
374 2133 445 2169 erit
463 2133 534 2170 hoc
553 2133 644 2169 satis
662 2132 939 2169 testimonium.
994 2132 1169 2168 Plurima
1182 2131 1338 2179 quidem

153 2183 325 2232 proferre
353 2198 576 2233 possemus3
618 2186 684 2223 sed
714 2186 847 2222 modus
876 2185 1116 2223 adhibendus
1143 2192 1211 2230 est,
1242 2197 1336 2232 quo-

152 2238 256 2274 niam
276 2251 352 2274 uno
372 2239 442 2275 hoc
456 2239 648 2276 volumine
661 2239 760 2275 vitas
775 2238 1034 2275 ea'eellentiam
1049 2239 1220 2275 virorum
1235 2250 1336 2273 eom-

144 2290 323 2341 plurium
356 2291 582 2329 concludere
614 2293 895 2335 constituimus,
933 2304 1094 2340 quorum
1132 2291 1336 2340 separatim

153 2344 283 2381 multis
302 2345 472 2382 millibus
493 2358 673 2383 versuum
694 2347 908 2396 complures
937 2347 1143 2396 scriptores
1163 2350 1251 2382 ante
1266 2356 1336 2381 nos

153 2398 410 2447 explicarunt.
